4117 6325
176 356 227 415 tto

168 468 252 546 (rut.
266 479 353 534 unat,
367 463 423 533 ιι).
439 460 515 520 Tolle
527 462 630 527 vitam,
646 459 711 517 tolle
725 460 827 517 lumen.
842 458 953 514 Habebo

167 562 247 618 uitam
260 598 269 624 ,
284 554 388 612 habebo
400 553 502 609 lumen.
516 550 626 608 Habebo
636 550 728 618 vitam,
740 548 786 605 ubi
798 558 825 604 te
838 564 890 604 non
904 562 954 619 pa-

168 654 218 710 tiar
228 646 446 713 interfectorem,
461 642 566 700 habebo
580 642 690 712 lumen,
712 640 784 713 quod
799 640 884 709 mihi,
899 654 953 695 non

167 743 253 799 dicam
274 749 322 805 ιιι,
345 737 393 794 sed
416 750 467 792 nec
488 734 542 791 ulla
564 749 619 789 nox
640 731 725 804 possit
747 728 863 789 auterre.
884 728 956 785 licit

167 832 275 905 llartyr,
288 844 323 885 an
337 825 438 899 aliquid
451 824 523 882 aliud
533 833 585 894 est,
600 822 645 881 nbi
655 822 740 894 majus
750 831 887 879 certamen
898 835 956 893 spe

166 934 240 982 ctare
263 920 430 979 debeamust
455 918 514 974 lion
538 919 656 974 minator
677 924 809 983 mortem;
832 915 909 970 seuit
929 914 955 970 in

166 1018 299 1083 salutem,
315 1019 411 1071 exarat
430 1010 556 1083 ungulis,
576 1008 713 1067 excruciat
726 1008 883 1077 tormentis,
902 1007 957 1063 urit

166 1108 301 1174 flammis,
323 1104 448 1162 admonet
470 1102 590 1167 bestias;
612 1110 641 1158 et
662 1100 707 1156 hic
723 1100 849 1156 uincitur.
868 1099 957 1168 Quare

166 1200 301 1259 uincitur?
314 1197 381 1264 Quin
392 1198 420 1252 in
433 1196 473 1252 itis
491 1194 608 1250 omnihus
619 1190 818 1265 supervincimus
831 1207 876 1265 per
887 1207 956 1259 eum,

165 1298 209 1369 qui
220 1294 309 1351 dilceit
319 1308 365 1349 not
376 1289 464 1365 (Rom.
479 1304 537 1357 mit,
552 1287 611 1358 bi).

200 1386 249 1443 Vl.
263 1382 354 1455 Ergo,
371 1382 468 1438 iratres
479 1379 531 1436 mei
544 1421 552 1443 .
568 1392 623 1434 non
636 1385 748 1449 negetur
761 1374 883 1433 Christus
894 1388 958 1446 pro·

165 1486 227 1550 pter
236 1473 381 1547 superllua,
395 1488 448 1529 non
459 1478 572 1543 negetur
579 1477 687 1539 propter
695 1464 856 1524 necessaria.
865 1463 959 1520 Nullus

165 1570 228 1641 ipso
252 1575 294 1625 est
317 1566 403 1637 mrqis
427 1555 957 1620 necessarius.1tccessunudtoebun:

165 1660 287 1719 Salutem
308 1667 335 1716 ct
357 1656 491 1714 Amicum.
515 1654 623 1721 Pecoas,
636 1660 746 1724 propter
771 1650 912 1717 Salutem,
931 1657 960 1706 et

164 1765 248 1823 negas
262 1746 409 1806 Christum.
422 1743 545 1802 Amundo
559 1742 678 1801 Salutem
688 1756 742 1797 oon
758 1740 867 1797 habebis
879 1738 959 1797 Salu-

165 1854 232 1901 tem.
246 1842 345 1899 Psecas
356 1848 467 1913 propter
478 1837 602 1895 Amicum
613 1844 708 1903 tuum,
723 1842 768 1904 ct,
781 1848 816 1890 oe
830 1832 904 1889 illum
917 1830 958 1888 oi·

164 1931 270 2001 tendas,
300 1946 383 2004 nequo
404 1928 549 1993 Christum.
575 1926 634 1983 lica
657 1940 703 1983 me
724 1924 873 1985 miseruml
901 1923 959 1980 hli-

163 2026 275 2100 quando
294 2024 479 2083 erubescendo
492 2030 615 2096 nequtur.
629 2019 689 2077 Non
701 2020 779 2077 sevit
790 2026 958 2092 persecutor,

164 2134 222 2175 non
250 2116 369 2190 expoliat
392 2112 582 2187 depraedator,
615 2126 670 2168 non
700 2110 832 2168 incumbit
856 2118 959 2180 tortor;

163 2216 271 2265 uatum
294 2220 330 2263 nc
349 2205 491 2277 disputem
513 2203 602 2260 unito
624 2212 689 2270 tuo,
711 2215 796 2273 nepus
817 2200 960 2256 Dominum

163 2309 255 2356 tuum.
269 2296 374 2365 Video,
389 2294 454 2368 qnid
477 2294 524 2351 tibi
539 2292 682 2350 abstulerit
701 2292 822 2359 amiens,
837 2291 960 2359 ostende,

161 2391 231 2463 quid
245 2388 330 2447 dabit.
345 2388 414 2457 Οιιιιι
436 2386 531 2443 dabitl
553 2385 628 2457 ipsas
650 2382 803 2449 amicitias,
825 2396 875 2454 per
894 2396 962 2453 quas

162 2495 279 2553 pecoes,
296 2494 345 2552 per
357 2492 424 2552 quas
445 2476 611 2541 involvaris,
626 2488 676 2546 per
694 2488 761 2547 quas
776 2474 901 2530 inimicus
913 2473 962 2530 llei

162 2571 303 2629 eilieiaris.
319 2568 373 2627 iste
386 2570 434 2625 tibi
449 2570 551 2625 amicus
565 2582 620 2624 non
633 2576 723 2635 esset,
737 2566 761 2622 sl
774 2573 802 2621 tu
816 2566 864 2621 tibi
874 2579 961 2623 esses.

162 2660 219 2717 Sed
231 2659 358 2733 quoniam
379 2661 438 2731 ipsc
459 2658 585 2715 inimicus
603 2672 634 2714 es
652 2656 722 2725 tibi,
742 2656 861 2713 anticum
885 2665 963 2728 putas

162 2752 306 2809 inimicum
332 2752 390 2807 tibi.
411 2749 491 2807 Unde
511 2760 602 2807 antem
619 2748 680 2820 lpse
700 2748 826 2805 inimicus
840 2762 870 2805 es
896 2748 963 2805 tibi?

162 2842 235 2911 Quia
248 2856 325 2899 antas
348 2841 527 2915 iniquitatem.
543 2840 595 2909 Qui
607 2850 691 2896 cutem
705 2847 774 2895 umut
792 2840 961 2912 iniquitatem,

162 2934 221 2988 odit
242 2932 355 2988 aninum
380 2948 454 2988 mm
467 2930 556 3002 (Ριιιι.
579 2946 615 2997 x,
639 2928 680 3003 b).
694 2930 748 2987 Sed
773 2944 829 2986 non
843 2938 964 3002 negatur

161 3022 291 3080 Christus
306 3033 336 3079 ut
349 3024 437 3079 amieo
450 3022 534 3093 impio
554 3030 583 3078 ct
596 3034 725 3092 perverso
736 3016 893 3093 placentur,
908 3034 963 3077 oon

162 3122 299 3187 neqmur,
321 3114 369 3171 sed
387 3114 422 3171 ab
442 3112 526 3186 impio
546 3110 731 3183 vituperatur,
754 3110 791 3168 ab
814 3111 897 3182 impio
918 3125 963 3169 ac·

162 3213 297 3274 ensutur,
321 3214 350 3262 et
372 3219 388 3260 a
407 3205 480 3261 lideli
498 3202 682 3261 erubescendo
707 3215 762 3259 non
789 3201 962 3271 detenditur,

162 3296 312 3363 deseritur,
337 3302 460 3363 tacetur,
487 3309 541 3351 noo
567 3293 738 3366 predicatur.
767 3287 852 3349 Saevit
873 3293 963 3365 linqua

162 3387 398 3458 blasphemantis,
417 3396 445 3443 et
462 3387 535 3443 nulls
549 3395 592 3443 est
604 3385 749 3443 luudnntls.
770 3385 874 3454 Quanta
892 3385 964 3443 mala

162 3479 373 3536 committuntur
383 3479 458 3549 quasi
472 3493 522 3550 pro
544 3479 723 3545 necessariis,
738 3491 788 3548 pto
801 3478 895 3547 victu,
914 3488 964 3547 pro

163 3581 343 3643 tegumento,
365 3585 414 3641 pro
428 3570 531 3636 salute,
545 3571 723 3641 profamioo,
741 3578 769 3626 et
790 3571 879 3626 omnia
899 3570 963 3638 istu,

160 3675 230 3734 quate
243 3666 422 3731 appetuntur,
436 3661 522 3732 magis
534 3661 664 3730 pereunti
689 3661 719 3716 Si
740 3675 807 3717 tero
820 3663 964 3732 presentia

161 3749 381 3821 contempseris,
404 3750 479 3806 dulit
504 3751 552 3805 tibi
580 3751 651 3808 bens
675 3759 787 3808 eterne
816 3753 964 3809 contemne

161 3843 306 3910 salutent,
324 3840 437 3898 babebis
461 3840 703 3897 immortalitatem.
725 3841 875 3899 contemne
888 3857 964 3898 mor·

163 3943 236 3999 tem,
259 3931 371 3990 habebis
392 3934 485 3989 vitam
505 3933 655 3990 contemno
680 3933 830 4000 honorem,
852 3933 964 3990 habebis

165 4039 313 4081 eoronam.
341 4023 492 4080 Contemne
515 4024 631 4080 amicum
665 4024 821 4090 bominem,
853 4024 964 4081 habebis

164 4117 288 4172 amicum
302 4114 397 4172 licum
410 4113 465 4172 Sed
477 4115 544 4182 illle,
559 4115 604 4172 ιιιι
613 4115 729 4171 amicum
744 4114 856 4172 habebis
868 4117 961 4184 Ιιοιιιιι,

166 4209 233 4264 sine
243 4207 331 4262 arnico
345 4206 470 4277 proximo
482 4221 536 4262 non
550 4205 615 4263 eris.
630 4205 765 4263 lbiteeum
779 4208 861 4262 amici
873 4216 962 4276 eruut,

165 4311 287 4368 quorum
312 4295 384 4376 lacta
403 4305 431 4352 et
448 4295 631 4354 mniessiones
651 4297 732 4369 poulo
751 4304 814 4355 ante
838 4297 964 4370 legeban-

163 4398 214 4444 tur
228 4389 279 4459 (ιι).

205 4479 265 4536 Vll.
289 4481 448 4538 Audivimus
468 4480 549 4539 Viros
573 4480 680 4539 lortiter
702 4489 832 4554 mentes,
848 4480 963 4536 viriliter

164 4571 341 4629 confitentes.
356 4573 514 4630 Audivimus
527 4582 556 4629 et
568 4573 705 4630 Foeminus
714 4572 752 4646 (ι)
769 4587 822 4628 non
835 4580 962 4643 tunquam

165 4661 297 4719 ioemlnas
316 4673 438 4720 tenentes
451 4662 609 4732 Christum,
629 4665 726 4721 oblitas
741 4679 845 4720 sexum.
860 4663 899 4719 lbi
911 4664 964 4719 erit

166 4767 236 4809 eum
256 4755 315 4811 istis
326 4755 372 4810 illu
386 4755 514 4821 amicitia,
530 4755 575 4810 nbi
595 4756 668 4810 nullu
686 4753 739 4810 erit
755 4755 846 4810 earnis
861 4767 964 4810 concu-

164 4843 322 4914 piscentis,
348 4854 376 4901 et
401 4845 459 4901 sola
485 4844 538 4900 erit
560 4859 621 4900 cum
647 4845 742 4900 amicis
762 4843 796 4900 ad
820 4843 962 4900 fruendum

166 4935 315 5005 sepientis.
339 4935 410 4993 liceo
432 4935 496 5008 quid
512 4937 663 5009 perdimus,
687 4939 712 4994 si
733 4953 764 4994 ea
788 4937 831 4994 hic
855 4952 965 4994 amun-e·

164 5027 274 5092 rinuus,
289 5035 317 5084 et
331 5027 468 5084 Christum
490 5031 694 5100 negaverimusl
712 5029 853 5085 Proximus
866 5029 903 5085 ibi
913 5044 963 5087 nos

164 5131 225 5172 non
240 5126 334 5186 terret,
347 5119 371 5174 si
385 5119 528 5175 moriatur.
542 5119 639 5177 titilius
648 5121 790 5189 ibiluetns,
805 5123 851 5178 ubi
861 5129 961 5178 emma

163 5205 224 5261 vita
239 5207 311 5274 erit,
325 5223 376 5264 nec
387 5208 455 5264 iilud
467 5210 647 5266 necessarlum
661 5219 722 5280 est;
740 5211 840 5266 Victum
852 5220 876 5266 et
888 5220 963 5282 tepu-

165 5305 283 5352 ntsntusn
304 5298 423 5355 hahentes
449 5299 487 5354 his
512 5299 623 5355 contenti
643 5301 732 5356 timus.
760 5301 848 5357 Vestis
870 5309 963 5359 mustra

164 5391 358 5447 immortalitas
371 5391 433 5458 erit,
448 5392 525 5449 cibus
535 5392 587 5448 istc
599 5392 716 5449 charitas
725 5391 786 5459 erit,
796 5397 848 5448 uita
861 5402 962 5450 eterna

164 5479 232 5546 erit,
245 5495 297 5538 nec
317 5495 400 5553 opera
421 5483 458 5538 ibi
477 5482 567 5552 bona,
591 5498 653 5555 quc
671 5483 706 5540 ab
727 5485 770 5541 his
782 5485 962 5557 appellantur,

164 5570 311 5630 iaciemus.
329 5572 372 5629 sd
389 5587 422 5630 ea
442 5588 497 5630 non
515 5575 721 5646 perveniemus,
743 5577 767 5633 si
791 5574 835 5632 hie
854 5591 887 5632 ea
907 5592 960 5633 non
1035 5561 1049 5620 Ρ

203 5724 241 5851 llll
252 5725 747 5854 huutffinsendegnupe‘ffitahffim
758 5789 915 5843 inducuntur.

527 347 641 405 senato
658 345 742 416 Xlll,
762 344 795 402 ht
832 342 1141 405 subaudiremus.
1162 346 1446 409 hhcntnnotttttt.

1746 350 1799 405 stt

1009 456 1163 519 fecerimus.
1176 460 1235 519 llon
1251 464 1298 522 tibi
1313 464 1417 523 dicetur
1433 484 1440 522 t
1457 467 1561 539 Frcnqe
1574 468 1693 523 esurienti
1706 486 1797 540 ponem

1009 559 1080 605 tuum
1092 550 1170 625 (itui.
1185 569 1258 622 nmtt,
1279 552 1324 625 7),
1342 555 1387 612 ubi
1411 556 1499 614 iames'
1517 573 1571 615 non
1592 552 1653 615 erit.
1675 556 1734 615 Non
1751 560 1797 615 tibi

1008 641 1113 699 dicetur
1128 661 1135 698 ι
1148 642 1260 717 Suscipe
1281 644 1408 717 hospitio,
1423 648 1468 703 ubi
1491 649 1592 707 nullum
1613 649 1734 707 invenies
1752 666 1801 723 pe·

1009 733 1156 805 nequinum.
1176 734 1234 791 Non
1249 736 1297 792 tibi
1319 736 1444 794 dicetur:
1459 738 1552 796 Libera
1567 756 1737 812 oppressum,
1752 740 1798 797 ubi

1008 824 1098 881 nullus
1121 824 1245 883 inimicus
1268 828 1330 885 erit.
1353 826 1413 884 lion
1437 828 1485 885 tibi
1509 828 1636 888 dicetur:
1658 830 1797 889 Concorda

1009 914 1174 988 litigiosum,
1188 918 1233 975 ubi
1249 934 1300 989 pax
1314 929 1415 977 eterna
1430 922 1492 977 erit.
1506 920 1611 993 Videte,
1623 922 1719 982 iratres
1734 907 1798 995 mci,

1009 1008 1145 1077 quomodo
1165 1009 1209 1067 hic
1230 1010 1360 1068 toleretur
1374 1010 1528 1083 quaerendo.
1544 1012 1582 1068 lbi
1603 1028 1661 1070 eam
1686 1014 1799 1073 habebi·

1009 1111 1088 1166 mns,
1103 1098 1148 1155 ubi
1171 1101 1258 1172 perire
1283 1117 1336 1157 non
1359 1116 1512 1173 possumus.
1536 1100 1655 1161 Salutem
1681 1106 1800 1177 onerist

1009 1189 1169 1260 Contemnes,
1188 1202 1216 1249 et
1229 1192 1351 1251 habebis.
1367 1194 1452 1269 Negas
1472 1195 1608 1253 Christum
1625 1196 1743 1253 timendo
1761 1180 1802 1254 ol-¹

1009 1280 1120 1340 leuderc
1133 1286 1266 1342 amicitias
1284 1285 1433 1344 loominum.
1449 1287 1584 1347 Confitere
1601 1290 1757 1357 Citristum,
1774 1300 1802 1348 et

1010 1374 1095 1429 amica
1109 1374 1157 1429 tibi
1175 1376 1227 1431 erit
1245 1376 1339 1433 civitas
1359 1379 1540 1451 Angelorum,
1562 1380 1657 1440 civitas
1681 1380 1801 1438 Patriae·

1010 1462 1134 1532 charum,
1149 1463 1243 1521 ciuitas
1257 1466 1452 1538 Prophetarum
1466 1512 1474 1539 ,
1490 1470 1583 1527 civitas
1598 1468 1801 1545 Apostolorum,

1011 1552 1105 1611 civitas
1118 1555 1237 1613 omnium
1251 1556 1416 1631 Martyrum,
1429 1561 1523 1618 civitas
1535 1564 1655 1621 omniunt
1669 1565 1801 1623 bonorum

1011 1642 1154 1703 Fidelium.
1180 1648 1304 1706 Christus
1325 1650 1384 1725 ipse
1405 1650 1538 1710 Fundcoit
1560 1672 1616 1711 euin
1636 1656 1664 1712 in
1683 1666 1804 1715 eternum

1011 1735 1099 1809 (Psoi.
1112 1754 1197 1809 ιιιιι,
1212 1740 1252 1813 9).

1301 1873 1417 1933 8ΕΒΜο
1428 1875 1510 1934 xvii.

1118 2004 1152 2059 ln
1163 2004 1321 2061 solemnitate
1343 2006 1398 2064 SS.
1424 2008 1693 2085 Mochcicorttot(s).

1321 2142 1493 2203 sinorsts.

1013 2268 1040 2328 l.
1055 2268 1144 2341 Effutc
1157 2272 1312 2345 Etcnpelico
1326 2274 1361 2329 cd
1375 2290 1461 2331 omues
1486 2283 1574 2334 tctotet
1600 2278 1736 2350 pertinent.
1758 2280 1803 2337 il.

1048 2360 1185 2436 Repetitio
1201 2360 1338 2421 Porohoite
1350 2366 1382 2422 dc
1401 2362 1493 2423 Turris
1506 2366 1613 2440 scinco,
1626 2371 1694 2427 etde
1708 2370 1807 2430 duobus

1049 2456 1172 2529 displice
1198 2454 1258 2512 ill.
1281 2458 1436 2518 Adulescens
1457 2458 1527 2517 dioec
1552 2478 1609 2517 eunt
1623 2462 1724 2520 Christo
1746 2480 1808 2521 con·
1910 2453 1916 2465 '

1050 2564 1162 2622 prtem
1176 2546 1231 2606 it.
1252 2548 1316 2606 Post
1337 2551 1474 2622 Apostolos
1499 2560 1524 2608 ct
1543 2551 1632 2609 iudei
1645 2556 1769 2624 cohoersi,
1784 2566 1808 2613 et

1050 2640 1168 2711 ddnceps
1182 2640 1260 2697 malti
1268 2640 1407 2699 Christiani
1419 2642 1492 2700 reim
1503 2644 1555 2701 scis
1568 2646 1757 2703 renuntiarunt.
1773 2640 1807 2707 ι’.

1051 2730 1183 2798 Quomodo
1201 2732 1334 2802 probando
1345 2730 1448 2790 Christo
1463 2734 1527 2805 fidet
1538 2738 1577 2792 uti
1589 2738 1615 2791 ln
1637 2736 1812 2808 qttott'dicriis.¹

1058 2820 1322 2895 timenutensium
1344 2824 1422 2894 pidem
1435 2824 1546 2882 excitate
1556 2826 1649 2882 delent
1662 2824 1807 2885 Prdntissu.

1053 2910 1120 2969 m.
1142 2913 1361 2971 licchulcorum.
1387 2914 1520 2972 llcrtcntcn
1546 2916 1668 2973 colluunt
1694 2920 1810 2995 noronte

1051 3006 1222 3079 Spectaculis.
1239 3004 1322 3060 tiit.
1336 3004 1519 3064 Dehortcricc
1540 3008 1658 3081 prosumo
1671 3008 1810 3083 Spectacu-

1052 3096 1095 3154 lis.
1108 3094 1162 3151 lx.
1178 3094 1329 3152 Deitcrtotic
1341 3098 1497 3153 continuato.

1053 3234 1075 3290 ι.
1089 3233 1278 3306 Enanqelium,
1305 3243 1333 3290 et
1347 3233 1458 3308 verbum
1484 3233 1532 3290 Dei
1559 3233 1659 3304 tivum,
1677 3234 1812 3297 medullae

1016 3325 1114 3385 animm
1128 3331 1286 3398 penetrans,
1298 3331 1326 3380 ct
1340 3323 1476 3384 cardinem
1487 3322 1577 3382 cordis
1590 3325 1727 3398 inquirens
1735 3327 1811 3406 satu.

1015 3419 1102 3486 briter,
1122 3415 1256 3490 prolertur
1266 3415 1391 3474 omnihus
1404 3417 1491 3486 nobis,
1506 3431 1556 3474 nec
1576 3432 1735 3490 quqmqtuna
1750 3420 1809 3490 pul·

1015 3518 1070 3580 pot,
1085 3509 1109 3568 si
1123 3523 1153 3566 se
1163 3509 1243 3566 homo
1258 3522 1312 3565 non
1326 3507 1427 3580 palpet.
1440 3507 1513 3566 Ecce
1524 3509 1691 3580 propositum
1706 3519 1810 3581 estoc-

1015 3603 1057 3658 bis
1070 3602 1142 3658 reiut
1154 3601 1312 3672 speculum,
1328 3602 1355 3658 in
1374 3615 1428 3672 quo
1442 3616 1495 3658 nos
1518 3616 1612 3658 omnes
1626 3603 1787 3679 aspiciamus
1799 3643 1813 3676 t,

1014 3703 1053 3760 et,
1064 3691 1160 3764 siquid
1176 3691 1210 3746 de
1219 3690 1287 3748 lucie
1300 3698 1392 3748 nostra
1405 3690 1517 3748 forsitan
1536 3691 1703 3752 maculosum
1715 3707 1817 3766 occurg.

1015 3783 1082 3840 ecrit
1092 3781 1245 3854 aspectibus
1260 3781 1369 3852 nostris,
1380 3797 1443 3840 cura
1455 3782 1570 3842 sollicita
1581 3781 1765 3858 detergamus,
1775 3797 1813 3842 ne

1015 3889 1111 3933 rursus
1133 3875 1254 3946 iuspecto
1271 3875 1381 3946 speculo
1402 3875 1603 3934 erubescamus.
1628 3875 1717 3934 Turba
1737 3879 1811 3938 enim

1015 3965 1158 4022 Dominum
1178 3963 1350 4036 sequebatur,
1365 3965 1446 4032 sicut,
1462 3965 1640 4036 Evanqettum
1652 3981 1714 4024 enm
1735 3968 1810 4040 lepe-

1015 4067 1101 4126 retnr,
1114 4056 1272 4125 audivimus,
1298 4064 1328 4114 et
1340 4071 1487 4116 conversus
1514 4057 1619 4116 locutus
1634 4068 1676 4115 est
1697 4059 1731 4114 ad
1746 4074 1810 4126 eos,

1015 4151 1061 4224 qui
1073 4165 1134 4208 enm
1158 4151 1348 4224 sequebantur.
1370 4150 1448 4218 Num,
1463 4153 1487 4228 ai
1499 4167 1541 4220 eo,
1567 4167 1627 4222 quae
1646 4149 1723 4216 dixit,
1745 4153 1811 4208 solis

1016 4243 1068 4298 illis
1078 4241 1217 4300 duodecim
1226 4241 1362 4314 Apostolis
1374 4242 1539 4313 loqueretur,
1547 4250 1651 4314 putenm
1664 4244 1811 4314 unusquis·

1014 4346 1068 4401 que
1088 4339 1212 4388 nostrum
1233 4330 1346 4387 dicere:
1363 4328 1519 4400 lllisdinit,
1546 4345 1598 4388 non
1614 4332 1704 4388 nobis,
1727 4333 1808 4390 Aliud

1014 4423 1119 4478 uidetur
1139 4421 1272 4492 pertinere
1295 4419 1328 4475 ud
1346 4428 1478 4491 pastores,
1494 4420 1567 4476 aliud
1590 4420 1623 4478 aul
1636 4436 1742 4494 greges.
1757 4424 1811 4500 Se·¹
1928 4435 1930 4442 ¹

1015 4512 1157 4582 qu'entibns
1171 4509 1256 4566 turbis
1269 4509 1347 4577 dixit,
1362 4505 1465 4582 ergoet
1481 4511 1559 4566 nobis
1572 4511 1707 4578 omnibus,
1721 4521 1749 4569 ct
1762 4528 1810 4570 to·

1015 4605 1057 4660 bis
1070 4603 1194 4659 omnihus
1210 4601 1287 4658 dixit.
1304 4600 1449 4672 Numquis
1468 4611 1532 4657 tunc
1546 4602 1665 4660 nondum
1679 4619 1808 4676 eramus,

1015 4695 1076 4752 ideo
1086 4693 1165 4750 nobis
1176 4709 1230 4750 non
1243 4707 1305 4750 esse
1319 4694 1420 4750 dictum
1432 4702 1526 4764 putare
1539 4693 1677 4754 debemus·
1690 4697 1718 4752 ln
1732 4699 1809 4774 illum

1016 4769 1127 4842 enimet
1141 4798 1190 4842 nos
1203 4784 1350 4862 credimus,
1368 4799 1449 4856 quem
1462 4784 1502 4840 illi
1519 4785 1655 4852 uiderunt,
1670 4786 1745 4842 illum
1757 4803 1808 4845 noa

1014 4874 1068 4932 lide
1081 4884 1213 4944 tenemus,
1236 4889 1315 4946 quem
1330 4873 1370 4929 illi
1385 4875 1471 4930 oculis
1483 4885 1690 4945 conspexerunt.
1714 4876 1808 4952 Neque

1015 4965 1087 5022 enim
1109 4966 1194 5022 oculis
1221 4965 1373 5022 carnalibus
1397 4963 1488 5020 uidere
1512 4963 1660 5037 Christum,
1682 4985 1808 5042 muqnum

1015 5057 1075 5111 luit.
1090 5055 1120 5112 Sl
1135 5057 1187 5111 boc
1212 5069 1337 5126 magnum
1360 5055 1464 5122 luisset,
1480 5053 1631 5114 Judaeorum
1644 5074 1710 5131 gens
1723 5061 1809 5132 prima

1014 5149 1128 5206 salutent
1141 5147 1302 5204 invenisset.
1314 5148 1395 5205 Certe
1409 5147 1517 5206 enimet
1529 5149 1570 5207 illi
1580 5151 1715 5224 uiderunt,
1728 5163 1757 5210 et
1770 5163 1810 5211 ta·

1014 5298 1127 5476 grew
1144 5297 1231 5354 Codice
1243 5295 1286 5364 fot.
1298 5297 1336 5358 to,
1349 5311 1375 5364 p.
1391 5299 1417 5352 ι.
1430 5301 1559 5366 inscriptus
1578 5309 1660 5356 mmm
1670 5306 1749 5358 suncti
1760 5317 1806 5359 Au-

1125 5369 1208 5424 ep.1n
1225 5359 1309 5412 omnic
1327 5368 1467 5415 morton
1487 5363 1688 5417 emtutcomtn
1706 5367 1810 5422 lliustds

1035 5438 1102 5476 ermo
1114 5428 1166 5486 post
1176 5423 1404 5474 ocnnnentationem
1414 5424 1441 5476 iu
1451 5435 1506 5476 Luc.
1520 5422 1568 5487 ιιι,
1578 5425 1618 5486 28,
1629 5428 1745 5480 enuit.
1755 5443 1807 5492 nin,

1015 5486 1055 5536 ld.
1068 5485 1228 5546 ammetisque
1249 5481 1280 5534 ad
1297 5488 1506 5548 perseverantium
1517 5485 1643 5538 Fideltbus
1660 5489 1685 5538 ln
1738 5489 1809 5542 oiana

1015 5547 1033 5598 S
1051 5545 1159 5596 cemele
1170 5544 1305 5598 inuehitur·
1316 5545 1421 5597 Habitus
1432 5554 1471 5596 est
1481 5548 1512 5596 cb
1527 5546 1706 5610 Augustincliu
1718 5551 1748 5602 lae
1759 5551 1810 5603 lie·

1014 5603 1412 5719 spernentem
1421 5605 1811 5675 ,nn

1015 5683 1271 5842 ῗιιιιΜιιὲιιῇιιιιειιοιᾶιριιιι
1281 5727 1390 5784 ostend.
1403 5729 1553 5783 mondus
1570 5683 1810 5800 iidlttonlqpuet’scr.
