4117 6325
268 336 322 397 stt

269 452 390 529 Quodam
412 447 495 507 modo
516 443 627 505 tedium
647 454 743 516 passm
763 439 934 499 asterisco
953 438 1063 509 carnis,

269 546 378 621 quaudo
390 544 484 600 volare
497 539 604 599 uolebat
615 537 649 595 atl
661 535 810 594 christum.
826 530 996 589 Abottdantis
1016 530 1067 587 tri-

270 638 433 696 bulationum
453 631 595 690 infestabat
617 628 698 694 riam,
718 625 766 683 sed
783 640 838 681 nnn
858 622 1063 683 intercludebat.

269 732 397 789 'ludebat
410 730 520 797 vivere,
535 726 583 784 sed
597 724 648 781 boc
663 738 716 780 rton
733 722 759 778 in
776 721 818 777 illa
833 728 933 777 aeterna
943 720 1015 785 vita,
1029 716 1065 777 de

269 841 321 899 qua
340 824 426 881 dicit:
442 822 510 877 ltitu
529 822 611 877 uisere
630 819 746 877 Clttistus
765 826 812 883 esi,
834 824 859 871 et
876 815 941 871 mori
963 814 1064 871 ιιιιιιιιιι

271 915 400 991 (Philipp.
416 930 436 982 ι,
449 914 506 986 il).
522 913 574 970 Sed
589 912 650 985 qnia
666 910 838 968 excbaritate
852 908 895 965 itic
908 907 1061 975 tenebatur,

269 1005 333 1080 quid
346 1005 485 1077 sequitur?
508 1004 539 1061 Si
553 1015 637 1060 autem
651 1004 732 1059 uiuam
743 1002 771 1058 in
784 1017 860 1057 earne
876 1000 918 1055 itis
930 1000 992 1055 milti
1004 1002 1062 1073 sru-
1091 1018 1094 1021 ·

268 1111 324 1156 ctus
336 1098 420 1171 operia
431 1106 478 1166 esi,
492 1107 516 1153 et
529 1098 591 1169 guid
601 1096 702 1168 eligant,
711 1097 810 1165 ignoro.
825 1093 969 1165 Compeilor
978 1101 1064 1147 nutem

269 1208 283 1247 e
296 1192 393 1247 duobus
405 1191 632 1263 concupiscentium
643 1191 736 1246 liabens
749 1188 860 1253 dissolui,
876 1199 899 1244 et
913 1204 971 1242 eum
985 1187 1063 1242 cun-

269 1294 308 1339 sto
325 1300 387 1339 esse.
414 1282 478 1349 Quis
496 1284 565 1338 dulit
581 1282 643 1337 mibi
656 1298 752 1353 pennus
764 1282 828 1337 sicut
842 1280 986 1335 coiumioei
1000 1279 1063 1334 liu·

269 1386 425 1432 menatem
436 1378 463 1431 itt
474 1392 549 1431 curtae
563 1376 733 1457 necessarium
746 1384 904 1447 proptereat
916 1375 997 1445 (litu.
1009 1376 1063 1433 22·

268 1468 327 1543 2ll.
342 1468 466 1525 Cesserat
480 1470 681 1527 susurrantibus
692 1469 770 1540 pullis
782 1470 848 1533 suis,
861 1467 1064 1541 tegebatpassis

268 1560 329 1627 alis,
341 1558 447 1616 iouebat
460 1562 557 1630 pullos,
572 1562 642 1619 sicut
653 1561 710 1632 ipsc
720 1563 756 1618 ait
772 1580 779 1617 ι
793 1560 889 1619 Faetus
901 1578 956 1617 sum
969 1549 1064 1633 pu'ratt·

269 1654 310 1709 lats
323 1654 350 1708 in
362 1654 445 1710 medio
454 1664 573 1723 emirum,
585 1665 705 1726 maguum
716 1656 804 1711 emtis
819 1660 907 1729 fouens
923 1656 991 1727 filios
1004 1670 1063 1713 suos

270 1743 296 1816 (i
314 1746 401 1801 Tiess.
418 1762 448 1813 tt,
467 1747 507 1818 7).

305 1836 349 1892 tt.
371 1838 406 1895 lit
421 1839 522 1903 uidete,
539 1840 649 1906 tratrem
669 1840 751 1897 modo
765 1840 863 1897 lectum
878 1846 920 1897 est
931 1840 958 1896 iu
973 1839 1062 1897 livan-

269 1929 358 2001 gclio:
377 1931 480 1997 Quoties
502 1932 569 1988 uolui
588 1948 741 2005 congregare
758 1932 825 2001 pilius
844 1942 919 2000 tuos,
942 1943 1064 2006 tanguam

268 2019 366 2091 gallina
378 2022 462 2091 pullos
473 2038 545 2092 suos,
556 2032 580 2077 et
595 2023 698 2079 noluisti
714 2022 830 2097 (diutile.
846 2039 920 2091 xxttt,
937 2023 1000 2097 37).
1015 2025 1065 2081 At·

271 2114 371 2170 tendite
381 2115 520 2186 gallinam,
536 2117 667 2174 attendite
686 2127 713 2174 et
731 2118 796 2173 alias
814 2133 888 2187 ates,
900 2134 960 2191 qum
972 2119 999 2175 in
1014 2134 1063 2175 uo·

269 2206 333 2261 stris
357 2206 441 2262 oculis
466 2207 613 2264 nidiilcant.
637 2208 693 2265 Ora
711 2210 813 2278 iuvent,
827 2210 914 2284 pullos
929 2211 1062 2267 nutriunt.

269 2295 373 2353 Nullam
386 2296 511 2355 ridebitis
530 2300 661 2357 inllrmari
673 2318 735 2359 cum
751 2303 822 2359 liliis.
846 2302 938 2361 Videte
954 2304 1063 2377 gallina

268 2386 399 2456 babitutn,
414 2390 521 2462 quando
534 2392 622 2464 pullos
632 2392 690 2462 alit,
703 2395 928 2467 quemadmodum
944 2405 1063 2455 mutatur

267 2493 320 2535 vox
333 2479 402 2553 ejus,
414 2492 441 2537 et
453 2482 481 2539 iu
494 2483 635 2555 quamdam
651 2487 823 2545 raucedinem
836 2488 978 2561 frangitur.
993 2492 1064 2549 Pen-

231 2616 234 2621 .
270 2588 311 2628 ote
324 2575 389 2645 ipsa
402 2589 456 2633 noo
470 2577 591 2636 collecte
603 2588 631 2637 et
644 2580 758 2649 alacres,
771 2582 819 2639 sed
835 2583 948 2655 ltispide
961 2592 989 2641 et
1001 2582 1062 2641 ian·

270 2663 366 2735 guidae,
379 2665 415 2724 ita
427 2679 457 2724 ιιι
469 2670 492 2725 si
504 2670 596 2727 rideas
605 2686 682 2728 auem
692 2672 783 2743 aliam,
794 2674 871 2747 cujus
881 2674 973 2732 nidum
983 2676 1063 2747 iguo·

268 2770 322 2823 res,
339 2772 393 2815 non
407 2774 547 2831 agnoscas,
560 2778 594 2821 an
614 2776 664 2820 ota
686 2762 794 2835 babeat,
809 2767 851 2824 uel
864 2766 961 2837 pullos.
981 2768 1064 2827 Galli·

269 2860 331 2902 nnm
346 2858 435 2906 autem
446 2866 507 2908 cum
522 2854 632 2924 uideris,
643 2855 748 2913 etiamsi
761 2871 810 2912 uta
823 2857 881 2928 cjus
895 2873 948 2915 non
959 2859 1062 2929 rideas,

270 2954 321 2995 uec
334 2942 423 3011 pullos
442 2944 501 3013 cius
519 2946 620 3015 rideas,
637 2962 669 3003 cx
685 2948 742 3020 ipsa
759 2964 835 3017 voce,
851 2960 879 3007 et
898 2950 991 3009 babitu
1002 2966 1064 3009 cor·

269 3037 343 3107 poris
355 3037 489 3111 intelligas
499 3050 623 3099 matrem.
640 3042 708 3112 Quid
720 3058 784 3114 ergu
795 3044 860 3100 iecit
872 3056 960 3101 mater
970 3054 1062 3103 nostra

268 3126 424 3200 sapientiai
438 3128 467 3188 ln
480 3146 561 3190 carue
575 3133 707 3192 intirmata
727 3141 789 3203 est,
807 3146 835 3192 ut
850 3136 937 3208 pullos
950 3138 1062 3212 collige·

269 3230 327 3288 ret,
345 3232 375 3280 ut
392 3237 541 3298 generaret,
557 3238 585 3283 ut
600 3228 718 3297 iuterct;
734 3230 781 3288 sed
794 3229 928 3288 inilrmum
944 3233 992 3290 liei
1006 3233 1062 3290 ior·

270 3314 324 3370 tius
337 3325 379 3372 est
390 3315 553 3376 bominibus.
573 3319 629 3376 Sub
646 3317 695 3377 bas
714 3322 771 3379 alas
791 3323 954 3382 inilrmitatis
972 3326 1063 3386 caruis

270 3421 336 3476 suu,
347 3409 394 3466 sed
409 3410 460 3467 sub
470 3413 602 3470 occultam
614 3415 761 3485 potentiam
774 3416 926 3475 bitinitatis
938 3434 994 3476 suae
1007 3419 1064 3476 ool-

234 3566 241 3580 Ι
270 3498 352 3572 ligere
364 3501 469 3560 solebat
479 3503 549 3562 lilios
561 3505 720 3566 ierusalem.
741 3507 797 3566 lluc
810 3509 968 3580 Apostolum
982 3527 1062 3570 suum

270 3592 409 3663 docuerat,
426 3597 488 3668 quia
510 3597 562 3656 ltoc
580 3599 607 3656 in
626 3601 671 3658 illu
694 3602 752 3674 ipse
771 3602 895 3663 iaciebat.
914 3607 971 3664 lloc
989 3609 1063 3667 enim

269 3685 307 3742 ait
331 3684 388 3758 lpse
413 3688 558 3760 Apostolus
579 3691 687 3748 :l'sltis
720 3695 920 3764 experimentum
947 3699 1063 3770 accipere

270 3779 342 3850 eius,
363 3779 407 3848 etsi
429 3781 456 3836 itt
476 3799 516 3838 me
539 3781 660 3856 loquitur,
672 3785 766 3843 Cittisii
784 3787 821 3860 (Ξ
842 3789 901 3846 Cor.
924 3805 985 3858 xttt,
1006 3789 1064 3864 5)i

269 3868 304 3926 lit
315 3871 454 3941 passiones
465 3873 565 3932 Christi
581 3875 647 3933 dicit
663 3877 689 3932 in
709 3893 739 3936 se
757 3878 918 3949 abundasse,
933 3896 986 3938 troo
1000 3897 1064 3953 pas·

270 3966 361 4023 siones
381 3981 462 4034 suas,
487 3967 534 4026 sed
556 3972 695 4040 passiones
715 3971 823 4029 Christi.
853 3974 920 4030 Erat
939 3975 1012 4031 enirn
1035 3976 1064 4031 in

270 4071 383 4130 corpore
401 4057 513 4126 Christi,
533 4068 561 4117 et
581 4071 640 4119 erat
657 4064 806 4120 membrum
821 4065 929 4134 Christi,
942 4076 970 4124 et
983 4067 1063 4138 quid·

270 4148 333 4222 quid
354 4163 415 4208 cum
435 4151 516 4223 pullis
534 4152 654 4210 intendis
677 4155 804 4226 agebatur
826 4156 853 4212 in
876 4159 1016 4230 apostolo,
1036 4167 1065 4218 et

270 4241 298 4298 in
312 4241 434 4300 membro
444 4259 503 4313 suo,
516 4254 596 4316 caput
608 4246 712 4318 agebat.
724 4246 773 4304 llic
787 4264 851 4321 ergo
865 4251 1009 4322 apostotus
1019 4259 1062 4310 at·

270 4333 384 4391 tendum
398 4333 580 4396 infirmitatem
596 4339 727 4409 pullorum
743 4355 852 4400 suorum
865 4342 964 4401 aiieetu
977 4354 1005 4401 et
1015 4344 1064 4402 da·

270 4426 380 4494 siderio,
401 4438 430 4484 ut
448 4431 583 4500 columba,
598 4433 689 4491 volare
702 4433 845 4506 cupiebat,
865 4436 912 4494 sed
932 4436 1064 4496 cltaritate

269 4517 396 4586 liliorum,
408 4529 437 4576 ut
447 4523 556 4594 gallina,
573 4524 737 4582 remanebat.
752 4525 819 4598 ipsi,
833 4527 928 4601 inquit,
940 4529 967 4586 itt
976 4529 1064 4586 nome·

269 4611 383 4682 metipsis
400 4629 550 4686 responsum
572 4617 661 4673 mortis
683 4617 832 4687 babuimus,
849 4629 876 4674 ιιι
889 4636 939 4676 ιιι
954 4621 1064 4692 iduum

268 4706 295 4762 in
307 4705 379 4762 nodis
391 4707 481 4774 simus,
494 4710 539 4764 sed
550 4709 579 4766 irs
593 4709 716 4784 dempsi
726 4713 831 4768 suseitttt
842 4725 964 4783 uterinos,
973 4717 1017 4784 oui
1029 4717 1061 4773 tie

269 4799 346 4854 tontis
361 4799 483 4857 ntortiius
495 4803 562 4858 erait
574 4819 631 4871 nos,
648 4813 671 4860 et
692 4813 779 4875 meet,
793 4807 821 4864 in
832 4823 904 4879 puers
913 4826 1060 4881 speramus,

269 4894 424 4964 quoniamst
437 4895 521 4952 adise
534 4905 603 4952 eruet
615 4897 625 4968 l
633 4895 677 4954 lu.
691 4915 711 4967 t,
726 4897 753 4965 9.
766 4899 800 4958 lll
811 4901 832 4972 ).
845 4901 938 4972 lirsit,
953 4915 978 4960 ιι
990 4915 1062 4963 eset

269 4986 333 5055 qnid
346 4986 403 5042 aiti
413 4985 512 5044 Servat
521 4989 601 5047 ritem
613 4990 692 5048 istam
705 5001 826 5050 nostram
836 4994 921 5052 vobis.
940 4995 978 5054 ue
991 4999 1062 5056 mul·

271 5081 305 5136 tis
317 5082 388 5138 enim
404 5083 535 5140 mortibus
547 5085 633 5155 eruit,
650 5099 684 5142 ne
698 5089 920 5159 opprimeretura
934 5107 1061 5164 perseeu-

271 5175 382 5242 toribus,
398 5193 433 5236 ne
444 5179 613 5253 citiusquam
624 5181 703 5254 pullis
714 5197 782 5254 opus
792 5194 859 5252 erat,
874 5195 1061 5257 coronaretur,

270 5270 417 5327 secundum
432 5271 506 5341 illud,
520 5273 594 5346 quod
606 5275 645 5331 ait
657 5293 665 5331 ι
679 5275 786 5333 Manem
797 5287 881 5334 autem
891 5279 918 5335 in
928 5296 1005 5338 corne
1015 5297 1062 5336 ne·

270 5366 405 5419 cessarium
425 5377 530 5437 propter
551 5383 603 5424 uos.
625 5367 680 5426 Sed
698 5368 746 5426 tue
766 5371 905 5441 confidens,
921 5373 988 5439 noti,
1003 5375 1063 5444 puis

271 5457 394 5526 ntottebo,
408 5466 430 5511 st
444 5460 596 5528 warancis
609 5459 725 5518 omnibus
738 5462 808 5517 auiis
821 5463 854 5518 ud
866 5467 1007 5536 proiectum
1020 5481 1062 5519 tte·

271 5557 361 5611 strum,
379 5559 401 5602 ot
414 5549 536 5620 guadium
548 5551 608 5616 idei
622 5552 751 5626 (rbittpp.
763 5570 781 5611 ι.
791 5553 838 5623 st,
849 5553 911 5628 25).
926 5555 1064 5626 Cupiditas

271 5636 305 5693 ad
318 5637 400 5694 alium
410 5642 539 5710 rapiebat,
550 5645 695 5701 necessitas
706 5645 768 5700 alibi
780 5646 922 5702 retinebat.
938 5645 1062 5716 Dissolvi,

272 5729 368 5800 iuquit,
384 5739 409 5785 et
420 5747 474 5786 esse
483 5749 540 5788 cunt
551 5733 651 5791 Gltristo
662 5737 741 5792 ntubo
751 5738 833 5809 tnagis
842 5739 965 5808 optimum
979 5737 1062 5812 (litu.

272 5822 332 5886 til.
348 5821 487 5884 tstuduon
496 5824 764 5901 mutassemus,
779 5829 824 5890 soti
837 5829 972 5901 optimam.
985 5830 1065 5901 Quod

871 324 903 383 S.
922 322 1109 384 tuobsttttt
1125 322 1279 385 nemcoet

1116 447 1159 499 est
1171 439 1245 497 entur
1260 440 1399 513 optimum,
1416 457 1466 515 per
1479 456 1513 499 sa
1530 444 1675 517 appetitur,
1686 449 1760 521 qaod
1778 466 1917 511 ιιιιιιι-

1115 532 1200 600 rinm,
1221 548 1255 590 ex
1275 536 1436 593 necessitate
1455 538 1621 609 munitum
1640 541 1704 601 iude
1723 550 1916 605 ιιιιιιιιιίιιι

1113 628 1278 684 nominatur.

1149 717 1206 775 ttt.
1226 718 1390 780 Necessariae
1410 725 1450 781 rei
1471 724 1619 782 necessitas
1640 740 1743 786 ootuen
1766 732 1912 803 imposuit.
2025 744 2029 749 ’

1114 811 1231 869 Proinde
1250 829 1321 871 nnnc
1341 815 1419 871 uobis
1433 819 1604 875 necessarios
1620 820 1698 878 cibus
1709 830 1753 878 est
1768 824 1838 890 iste,
1852 841 1913 896 guo

1114 904 1232 971 utimum
1245 907 1279 963 ad
1291 909 1493 965 sustentandam
1504 912 1681 983 temporalem
1688 914 1770 971 vitam
1782 931 1914 973 necessa-

1114 998 1173 1054 rius
1185 999 1263 1055 cibus
1275 1004 1338 1067 est;
1355 1001 1402 1058 ille
1414 1011 1504 1059 autem
1518 1005 1637 1075 optimus
1649 1007 1727 1063 cibus
1740 1009 1864 1076 uirtutis,
1877 1018 1913 1067 et

1114 1090 1275 1161 sapientise,
1293 1093 1370 1163 penis
1384 1094 1478 1163 uirus,
1492 1110 1600 1167 semper
1613 1096 1755 1167 eiilcietts,
1769 1116 1911 1173 nunquan

1114 1184 1244 1240 delicieus
1259 1184 1310 1259 (a).
1327 1184 1375 1243 illc
1388 1188 1506 1257 optimus
1520 1197 1580 1255 est,
1600 1189 1653 1247 iste
1670 1194 1842 1249 necessarius
1854 1202 1910 1251 est.

1115 1274 1233 1332 Proinde
1245 1290 1307 1332 cum
1318 1278 1511 1335 transieritista
1517 1282 1912 1351 neeesmasiantismtsusten·

1115 1366 1319 1424 tandimortalis
1327 1371 1460 1440 corporis,
1468 1386 1524 1426 non
1534 1373 1587 1427 erit
1601 1377 1652 1430 iste
1660 1375 1738 1431 cibus
1744 1376 1800 1447 jam
1812 1392 1911 1433 neees-

1114 1459 1213 1515 sarius.
1225 1459 1295 1526 Quid
1305 1461 1377 1515 euim
1389 1462 1598 1533 aittipustolusi
1608 1465 1675 1521 Esou
1683 1470 1774 1535 metri,
1787 1480 1812 1523 et
1823 1481 1913 1527 semer

1115 1547 1550 1614 escis;Deusuutetrtetltusteetittrs
1557 1556 1718 1631 ermsuiitli
1728 1558 1788 1615 Gor.
1798 1575 1836 1623 ιι,
1850 1562 1910 1629 id).

1114 1640 1228 1711 Qtrando
1238 1653 1327 1699 autem
1338 1646 1614 1716 evacuabittQuaudu
1623 1662 1721 1717 corpus
1730 1650 1914 1710 bocanimsle

1115 1744 1261 1803 resurgens
1271 1732 1301 1787 iit
1313 1734 1463 1807 spirituale.
1475 1735 1513 1794 lbi
1522 1738 1594 1795 euim
1604 1738 1677 1795 nulla
1688 1742 1738 1797 erit
1746 1743 1911 1815 indigentia,

1114 1834 1143 1882 et
1154 1840 1209 1881 nou
1220 1827 1259 1882 ibi
1269 1837 1350 1885 erunt
1362 1844 1445 1899 opera
1456 1832 1638 1889 necessitatis.
1650 1834 1745 1891 Omnia
1756 1838 1830 1891 enim
1843 1839 1911 1908 ista,

1115 1916 1223 1985 iratres,
1236 1928 1265 1976 ιι
1277 1920 1362 1989 bona,
1374 1936 1436 1993 quae
1450 1921 1494 1979 ltie
1505 1923 1641 1991 dicantur,
1653 1940 1753 1997 opera,
1766 1937 1795 1984 et
1806 1944 1840 1985 ea
1852 1931 1913 1999 ipsa

1115 2026 1209 2082 opera,
1222 2028 1283 2083 quae
1296 2028 1438 2073 mouemur
1452 2026 1483 2073 ut
1496 2017 1625 2076 iaciamus
1636 2020 1774 2091 quotidie,
1788 2024 1912 2079 necemi·

1115 2102 1178 2159 tatis
1189 2117 1272 2175 opera
1286 2114 1360 2163 sunt.
1371 2105 1441 2175 Quid
1455 2116 1510 2164 tam
1524 2108 1711 2183 bonumque
1725 2120 1781 2169 tatu
1795 2115 1911 2185 praeela-

1113 2209 1174 2251 rum
1187 2238 1196 2261 ,
1211 2196 1275 2268 quid
1289 2206 1343 2253 tant
1357 2198 1491 2257 laudabile
1503 2199 1677 2271 Christiano,
1690 2220 1772 2276 quam
1786 2206 1913 2279 iraugere

1115 2301 1212 2358 panem
1225 2291 1372 2347 esurienti?
1385 2292 1507 2365 Egenum
1520 2294 1580 2351 sine
1593 2305 1664 2353 tecto
1676 2297 1807 2356 inducere
1820 2301 1848 2357 iu
1862 2301 1911 2359 do·

1114 2381 1211 2437 mumi
1225 2382 1323 2441 Videre
1333 2385 1451 2452 nudum,
1467 2394 1497 2443 et
1509 2388 1629 2445 resurel
1642 2389 1740 2447 Videre
1759 2403 1910 2461 mortuum,

1114 2478 1143 2528 et
1155 2472 1292 2543 sepeliret
1301 2473 1399 2533 Videre
1408 2475 1569 2549 litigantem,
1577 2488 1606 2537 et
1613 2482 1781 2539 concordare
1791 2484 1804 2537 ι
1813 2484 1913 2544 Videre

1114 2562 1263 2636 initimum,
1278 2577 1306 2624 et
1317 2568 1435 2638 risiare,
1450 2582 1497 2627 aot
1507 2572 1623 2630 erraret
1634 2574 1731 2631 onais
1744 2575 1807 2633 itaec
1819 2577 1913 2634 lauda-

1113 2658 1178 2717 bilia
1191 2674 1273 2732 opera
1285 2671 1359 2719 sunt.
1373 2664 1509 2721 Attendite
1520 2674 1549 2722 ιι
1559 2665 1666 2735 ridete,
1680 2669 1744 2739 guia
1761 2673 1911 2730 necessitas

1114 2765 1146 2808 ea
1160 2753 1274 2823 peperit.
1285 2752 1398 2826 Frangis
1409 2756 1482 2813 euim
1495 2772 1604 2829 panem,
1619 2758 1683 2830 quia
1696 2759 1774 2817 rides
1784 2765 1914 2821 aurien·

1115 2850 1181 2899 tetu.
1201 2842 1229 2901 Si
1245 2860 1326 2903 nemo
1338 2848 1475 2917 esuriret,
1489 2852 1534 2907 cui
1548 2849 1687 2923 iraogeres
1704 2856 1819 2925 paoem
1831 2857 1914 2917 Tolle

1115 2938 1303 2997 necessitatem
1314 2941 1425 2999 alterius
1437 2944 1565 3013 miserita,
1581 2961 1637 3003 nou
1650 2948 1705 3004 erit
1715 2964 1784 3021 opos
1797 2960 1844 3007 tua
1860 2956 1914 3011 mi-

1115 3030 1271 3088 sericordia.
1283 3032 1337 3089 Sed
1351 3042 1441 3092 tamen
1456 3052 1504 3107 per
1516 3037 1575 3095 bec
1585 3053 1679 3110 opera,
1692 3057 1755 3112 pose
1764 3047 1913 3113 neeessitas

1115 3123 1219 3193 genuit,
1231 3126 1405 3196 perrenimus
1414 3128 1448 3186 ad
1459 3128 1533 3186 illam
1545 3131 1627 3188 uitam
1638 3132 1684 3189 ttbi
1694 3136 1845 3195 necessitas
1856 3154 1913 3197 noa

1116 3216 1481 3290 ericnnonouupernuvem
1492 3223 1525 3278 ad
1537 3225 1660 3294 patriam.
1669 3226 1793 3300 lupatria
1804 3246 1914 3304 semper

1116 3323 1262 3379 mansuro,
1283 3327 1420 3385 uunquam
1444 3316 1650 3387 peregrinaturo
1671 3321 1746 3376 uaris
1763 3336 1835 3392 opus
1857 3339 1914 3381 non

1116 3404 1186 3470 erit;
1201 3403 1249 3462 sed
1264 3405 1310 3462 illa
1322 3408 1408 3474 utaris,
1423 3423 1485 3480 quae
1499 3410 1535 3464 ibi
1549 3424 1617 3481 opus
1629 3427 1681 3468 uon
1693 3413 1756 3481 crit,
1772 3415 1841 3471 illuc
1850 3417 1914 3488 ipsa

1115 3496 1249 3567 perducit.
1262 3497 1329 3554 Cum
1341 3511 1500 3570 peruentum
1517 3501 1606 3571 luerit,
1621 3503 1668 3559 ists
1680 3519 1734 3562 uon
1745 3516 1841 3572 erum,
1857 3509 1912 3565 scd

1115 3588 1168 3644 uisi
1188 3586 1233 3645 ltie
1254 3588 1472 3662 adimpleantur,
1492 3593 1557 3650 illuc
1576 3596 1708 3666 perveniri
1730 3613 1785 3653 non
1807 3609 1912 3670 potest.

1116 3679 1210 3736 Estote
1224 3679 1314 3752 itaque
1327 3682 1432 3739 alacres
1447 3684 1475 3738 in
1489 3683 1570 3741 bonis
1583 3687 1710 3758 operibus
1722 3693 1911 3763 necessitatis,

1116 3780 1147 3826 ut
1158 3771 1218 3827 sitis
1231 3771 1301 3829 beati
1313 3775 1340 3829 in
1352 3773 1527 3844 perfruitione
1539 3778 1610 3834 illius
1619 3779 1790 3848 aeternitatis,
1798 3783 1846 3840 ubi
1854 3785 1912 3854 jam

1116 3866 1263 3922 tracessitas
1275 3868 1400 3936 moritur,
1412 3869 1475 3940 guia
1485 3878 1572 3927 mater
1583 3873 1705 3929 omnium
1718 3877 1911 3934 necessitatum

1115 3971 1191 4013 mors
1204 3957 1262 4028 ipsa
1276 3959 1417 4015 morietur.
1432 3959 1539 4032 Οριιιιι
1551 3963 1618 4018 enim
1631 3967 1798 4036 sumptibile
1810 3969 1858 4024 ltus
1871 3971 1912 4025 in·

1116 4049 1194 4105 duere
1212 4050 1427 4122 incorruptionem
1438 4090 1453 4119 ,·
1461 4063 1485 4108 et
1497 4055 1605 4110 mortale
1618 4055 1667 4110 itae
1679 4057 1788 4112 induere
1805 4059 1911 4116 immor-

1116 4146 1252 4201 tetttusem.
1261 4146 1375 4216 Quando
1382 4148 1489 4204 dicetur
1495 4151 1576 4206 morti
1585 4169 1591 4206 :
1600 4147 1651 4206 liii
1657 4162 1706 4220 est,
1715 4168 1795 4222 mors,
1807 4157 1911 4210 tietoris

1116 4238 1185 4294 tttui
1196 4239 1239 4294 ubi
1252 4247 1304 4306 est,
1324 4255 1405 4307 ntors,
1422 4241 1525 4296 seuleus
1538 4252 1595 4299 tates
1607 4245 1633 4313 (i
1649 4243 1708 4300 Cor.
1725 4261 1779 4311 ιι,
1794 4248 1910 4318 Mili

1116 4330 1266 4403 absumpta
1280 4331 1373 4399 morti,
1387 4341 1415 4387 et
1428 4332 1540 4390 devicte
1552 4335 1659 4391 dicetur
1672 4353 1680 4392 z
1695 4335 1765 4403 Quis
1775 4339 1910 4394 ιοιίιιιιιι

1115 4423 1220 4479 initttieo
1233 4423 1374 4480 destruetur
1387 4441 1455 4481 mors
1467 4424 1548 4498 (ibid.
1564 4427 1623 4500 ιθ).

1152 4512 1219 4571 vttt.
1235 4513 1315 4571 liudo
1335 4524 1424 4574 autem
1446 4518 1571 4574 omuibus
1590 4520 1763 4576 necessitatis
1783 4519 1910 4592 operibus

1116 4622 1177 4665 cum
1186 4615 1274 4663 morte
1283 4618 1425 4680 pugnatur.
1434 4609 1560 4667 Deiectus
1569 4611 1642 4667 euim
1652 4613 1741 4668 omnis
1750 4614 1784 4669 ad
1795 4624 1910 4669 mortem

1117 4701 1218 4768 trabit,
1233 4710 1262 4758 et
1274 4702 1438 4758 sustentatio
1451 4705 1540 4760 omnis
1554 4720 1569 4757 a
1586 4713 1676 4761 morte
1689 4715 1820 4773 rerncm,
1834 4707 1909 4763 etita

1115 4795 1246 4852 mutabile
1264 4802 1307 4851 est
1325 4809 1442 4865 corpus,
1457 4803 1487 4851 ut
1499 4796 1615 4866 quodam
1637 4797 1720 4855 modo
1733 4799 1795 4855 aliar
1811 4811 1909 4856 mortes

1116 4887 1177 4944 aliis
1189 4886 1322 4943 mortibus
1334 4887 1479 4958 pellantur.
1489 4887 1625 4960 Quidquid
1638 4891 1798 4959 assumitur,
1807 4892 1854 4948 ubi
1866 4892 1910 4947 diu

1116 4979 1286 5052 perseverari
1312 4994 1368 5036 oon
1390 4987 1501 5052 potest,
1526 4981 1644 5054 quodem
1670 4983 1753 5039 modo
1775 4985 1910 5041 incboutio

1116 5073 1211 5130 mortis
1224 5080 1277 5130 eat.
1291 5068 1351 5130 iam
1362 5073 1453 5129 ridete
1465 5073 1544 5128 istam
1551 5073 1645 5130 ritem.
1656 5075 1686 5132 st
1694 5076 1826 5149 quidquid
1838 5093 1911 5133 assu-

1117 5165 1211 5235 mitur,
1225 5165 1270 5222 ubi
1283 5166 1434 5237 permaneri
1444 5163 1546 5221 diutius
1555 5181 1609 5222 nott
1624 5177 1729 5239 potest,
1744 5169 1803 5236 ubi,
1819 5171 1843 5227 si
1855 5170 1912 5226 dio·

1117 5255 1171 5310 tius
1189 5256 1381 5327 permanseris,
1397 5260 1533 5322 moreris,
1550 5257 1688 5315 incttoatio
1702 5261 1800 5316 mortis
1814 5270 1870 5326 est,
1884 5268 1913 5316 et

1118 5354 1220 5415 tamen,
1234 5347 1286 5403 nisi
1299 5355 1463 5415 assumatur,
1473 5347 1526 5405 alia
1539 5363 1614 5405 mors
1628 5366 1681 5404 nun
1696 5350 1818 5420 pellitur.
1831 5351 1911 5408 Verbi

1116 5437 1200 5510 gretia
1214 5479 1221 5506 ,
1235 5455 1289 5495 ooo
1304 5437 1459 5495 mandatust.
1472 5440 1502 5496 Si
1516 5439 1738 5507 manducaverit,
1753 5453 1782 5500 ιι
1795 5445 1912 5516 digerit,

1116 5530 1247 5590 relicitur.
1261 5530 1327 5587 Cum
1342 5545 1395 5587 noo
1409 5531 1574 5601 manducat,
1588 5535 1703 5591 assumit
1716 5536 1867 5608 jejunium,
1882 5547 1915 5596 ut

1117 5634 1243 5692 mortem,
1252 5641 1333 5698 quam
1344 5625 1446 5682 lactura
1457 5636 1516 5683 erat
1524 5629 1646 5698 crapula,
1658 5629 1773 5701 repellat
1782 5646 1846 5689 ase.
1856 5632 1915 5689 Nisi

1115 5781 1917 5896 &Qunam-„tmpenbmermupmgeots
