4117 6325
244 455 328 504 unm
350 435 498 512 manipulas
521 448 591 492 suos.
615 426 656 486 De
681 418 824 493 manipulis
846 417 907 474 istis
929 426 1039 471 rorone

243 535 325 595 Dant.
348 530 522 589 eelebremns
545 535 611 593 erpo
633 517 778 587 iiamprum
801 510 860 567 dies
880 502 1037 563 mmnnun

243 626 391 696 Humerum
413 617 572 693 passiones,
592 626 646 669 noa
672 603 789 663 amando
810 598 943 673 peiores.
964 594 1038 653 Doa-

244 718 317 777 vetsi
331 716 365 773 ad
377 713 530 776 Dominum,
542 716 595 764 ete.

536 811 672 880 SERMO
686 808 758 872 Vli.

435 920 473 976 De
495 918 592 976 Sancto
602 913 704 968 loanne
717 906 845 978 Baptista.

249 1040 328 1098 &tal
340 1036 380 1092 tn'e
390 1033 481 1091 Serum
494 1032 521 1085 in
532 1037 640 1099 quotuor
659 1020 786 1078 codicibus
800 1014 862 1071 tis.
882 1007 1042 1069 Cossinensi·

285 1130 344 1196 tus,
357 1127 385 1182 in
399 1122 463 1181 cot.
476 1120 590 1176 uidelicet
603 1133 630 1171 n.
645 1112 695 1179 ti,
709 1121 734 1166 et
757 1110 785 1163 in
797 1105 877 1160 trilrsu
891 1097 1045 1157 lectionariis

287 1224 377 1281 sesai
398 1218 470 1276 iit.
491 1222 635 1272 constanter
658 1204 798 1278 dupustino
816 1203 987 1267 nuncupatus.
1010 1188 1046 1245 in

288 1314 440 1371 bibliotheca
447 1326 506 1365 nero
514 1302 673 1376 Leopoldina
680 1293 810 1353 Blandinii
821 1289 940 1345 triiruitur
948 1280 1047 1337 osmari

289 1420 430 1477 snonpnm.
445 1399 576 1457 Serrvvouis
594 1392 728 1449 exordium
748 1384 858 1453 excripsi
877 1395 910 1435 ee
921 1375 978 1431 cod.
993 1373 1046 1474 te,

289 1498 429 1555 lreuiotuns
439 1492 507 1549 satim
521 1488 615 1560 lepitur
627 1488 655 1537 in
667 1477 837 1547 innomine,
852 1480 876 1525 et
890 1468 1048 1524 lectionarius

290 1593 380 1663 {orsam
392 1601 424 1640 eu
436 1601 484 1648 eo,
498 1579 566 1652 quod
579 1577 691 1631 alienum
702 1571 824 1638 tantisper
835 1564 916 1618 uisum
932 1556 1009 1630 [uerit
1017 1554 1049 1607 ai

291 1682 340 1737 ltus
347 1678 490 1752 festivitate.
503 1675 535 1727 dt
547 1668 715 1725 elausulama
728 1657 883 1717 lectionariis
896 1652 1004 1726 positam
1013 1662 1051 1701 re·

292 1773 369 1840 linui,
390 1786 423 1825 ns
434 1767 538 1824 mutilus
550 1761 663 1835 prodiret
677 1770 779 1819 samos
802 1749 889 1806 Codes
914 1745 981 1801 ιιιιιιι
1004 1740 1050 1796 ii.

294 1863 419 1921 russata
429 1862 484 1916 loeo
496 1858 581 1914 stridit
594 1850 757 1923 questionem
775 1844 810 1899 de
824 1840 906 1895 verbo
920 1844 948 1891 et
967 1846 1051 1899 voce,

294 1972 353 2028 aaa
363 1964 387 2010 et
401 1952 501 2008 lacunis
514 1951 664 2013 intersepta,
680 1949 704 1994 et
725 1933 837 1991 imolato
848 1928 952 1985 omuino
965 1924 996 1978 oi
1010 1922 1053 1977 in·

296 2050 400 2106 suriam
413 2044 517 2100 librario
528 2040 616 2095 relicta
626 2036 686 2104 luit.
702 2030 828 2086 Ceterum
841 2016 989 2093 hujusmodi
1003 2015 1055 2069 im·

296 2141 464 2197 mutationum
474 2136 502 2190 in
514 2128 667 2188 lectionariis
682 2119 853 2197 [respuentium
866 2110 983 2181 esenpta
995 2123 1057 2178 pas·

298 2234 347 2290 nm
360 2228 471 2297 operum
486 2224 604 2279 Editores
618 2216 751 2278 llourinl,
766 2210 808 2281 qui
823 2208 850 2261 in
863 2220 940 2261 serm.
964 2201 1010 2257 ii.
1024 2199 1058 2253 de

299 2323 380 2378 seriis
389 2318 477 2375 isaia.
490 2332 513 2369 o.
527 2314 573 2370 53.
583 2312 636 2365 isses
644 2307 836 2363 seiteonnotunl
848 2315 858 2354 s
870 2316 880 2351 ι
895 2294 965 2349 liam
977 2290 1059 2359 quiin

300 2412 418 2471 lissiesia
440 2405 542 2479 lependi
555 2410 636 2457 errent
649 2393 787 2467 Aupustini
799 2396 933 2450 tractatus,
947 2396 1060 2439 ememu-

300 2510 342 2563 rie
357 2504 503 2576 plerumque
514 2492 729 2554 decurtabantur,
747 2486 829 2553 iisque
840 2476 971 2535 soordium
982 2482 1060 2541 optu-

304 2600 389 2661 iatur,
404 2604 428 2649 et
440 2593 532 2647 idonea
542 2584 682 2641 conclusio.
699 2598 709 2632 v
726 2574 837 2631 Possidii
856 2567 993 2626 indiculus
1005 2565 1062 2635 plu·

303 2704 345 2745 sss
354 2695 483 2743 enumerat
492 2682 527 2753 (e.
535 2678 564 2734 8.
574 2678 602 2732 D.
611 2673 671 2742 tu.)
679 2672 712 2725 de
721 2669 769 2723 ltoe
779 2664 915 2738 [estimtuts
921 2670 1061 2723 sermones,

304 2796 367 2851 auos
380 2779 445 2832 inter
463 2767 631 2828 emouendos
644 2778 698 2819 esse
710 2762 796 2821 luntre,
810 2763 834 2811 et
845 2758 987 2824 maraton
1001 2762 1064 2803 eost·

306 2872 411 2941 &mant
418 2868 473 2940 jam
487 2862 557 2917 edito
580 2853 709 2913 ilourinis
717 2848 794 2905 Yam.
804 2845 836 2899 i.
850 2860 877 2897 n.
888 2840 953 2906 288,
965 2836 1029 2893 295.
1040 2844 1065 2889 et

309 2972 404 3030 reae:
431 2970 492 3011 nam
516 2964 576 3005 cuns
592 2948 624 3001 iis
644 2957 713 3013 sepe
722 2938 848 2995 soliarem
861 2932 955 2992 lorum
969 2941 1066 2983 sermo·

310 3067 373 3109 num
386 3046 472 3112 seia,
483 3051 509 3099 st
520 3037 659 3112 semotum
675 3032 708 3087 ln
720 3032 769 3085 iila
779 3035 865 3081 autem
878 3021 986 3076 editione
998 3016 1066 3071 tune

309 3142 406 3200 inseres
419 3144 474 3210 post
488 3133 574 3190 Sam.
594 3127 662 3194 293,
676 3124 771 3188 eritene
785 3114 867 3174 titt.
882 3115 914 3169 de
927 3110 1068 3168 Natiuitate

313 3240 345 3298 S.
360 3233 470 3292 loannis
491 3226 623 3299 Baptistae.

311 3353 434 3421 Quamne
447 3347 498 3418 (a).
514 3337 606 3395 ioioit
616 3333 744 3390 Dominus
757 3325 890 3382 Dodierno
897 3321 942 3376 die
954 3316 1069 3374 reddere

276 3441 409 3503 charitati
425 3437 527 3493 iestrxe
540 3443 634 3486 vocem
648 3434 677 3480 et
696 3417 865 3493 praeentiam
885 3423 1016 3474 tenuram,
1042 3413 1071 3462 et

278 3537 332 3592 hoe
341 3532 404 3588 teon
416 3529 475 3598 ipse
489 3537 542 3579 noo
554 3515 702 3576 seeundvmv
715 3508 921 3581 dispositionem
935 3507 1070 3562 nostram,

279 3628 328 3686 sed
351 3621 499 3680 meandum
512 3614 676 3670 voluntatem
695 3620 783 3666 suavis,
798 3601 903 3672 opimus
926 3597 952 3651 ei
971 3594 1072 3665 prauus

282 3719 471 3781 vobiscumet
491 3707 630 3765 reddimus
643 3699 720 3756 voltis
742 3694 875 3752 sennuuis
899 3686 1070 3758 obseouium,

281 3811 354 3885 quod
366 3821 408 3866 est
421 3801 598 3860 ministerium
607 3803 740 3855 nostrum,
752 3791 778 3844 in
789 3801 845 3859 quo
854 3798 903 3838 uos
913 3779 1016 3879 servire
1025 3793 1073 3878 ru·

283 3905 324 3960 Dis
338 3911 366 3958 et
378 3904 495 3969 oportet,
507 3899 536 3948 et
548 3891 635 3946 leret.
646 3885 770 3940 Vestrum
782 3885 825 3934 est
833 3883 933 3938 sumtus,
944 3869 1074 3970 omnesve

284 3995 342 4058 mi,
369 3984 597 4059 dispensationem
612 3995 647 4050 qt
668 3976 839 4041 iuvencumque
860 3977 1001 4022 serrormu
1024 3959 1074 4024 Det

285 4087 407 4156 desipere
420 4075 625 4136 enncmrtme
645 4078 673 4126 et
696 4067 735 4122 ilii
752 4062 852 4134 prauae
875 4072 956 4128 spere
980 4052 1077 4110 nobis·

284 4191 347 4235 eum
364 4174 401 4247 (i)
412 4214 421 4239 ,
434 4169 479 4241 qni
492 4166 571 4223 nobis
581 4159 691 4218 donarit
705 4157 777 4211 Dono
796 4153 870 4208 diem
890 4147 971 4204 simui
994 4156 1077 4216 agere

287 4269 435 4329 vobiscum.
464 4261 542 4321 [iride
557 4271 623 4329 ergo
637 4251 772 4323 loquimar
792 4243 891 4311 ivodio,
918 4238 971 4294 nisi
981 4235 1016 4292 de
1029 4235 1077 4291 iiio

286 4367 364 4433 cuins
378 4356 473 4413 viantis
486 4360 528 4407 est
537 4346 637 4404 irodiei
652 4343 771 4400 loannes
785 4348 850 4408 erpo
868 4339 981 4389 sanetus
998 4335 1079 4382 natus

289 4455 325 4509 de
348 4445 434 4506 sterili
445 4485 454 4506 .
467 4441 621 4498 Prueursos
637 4429 744 4488 Domini
763 4426 819 4483 nati
837 4424 873 4480 de
889 4420 1013 4489 Virgine,
1038 4413 1080 4470 is·

288 4551 350 4600 etos
363 4547 405 4595 est
418 4532 524 4591 Domini
544 4528 587 4585 sui
602 4525 884 4588 summouentem
897 4509 1079 4567 aurtmtiator.

267 4650 271 4658 ·
291 4635 359 4690 liuie
372 4627 468 4688 loanni
479 4633 565 4681 mater
574 4617 685 4681 sterilis,
701 4628 763 4684 une
773 4622 870 4681 parere
883 4620 937 4660 non
955 4608 1079 4666 noverat,

289 4721 436 4784 Seivatmis
450 4727 540 4775 autem
553 4721 641 4772 mater
649 4710 725 4776 virgo
735 4704 806 4760 unde
815 4707 923 4773 pareret
933 4710 987 4752 nou
997 4693 1082 4794 ushe-

292 4819 339 4877 Dat
353 4831 361 4870 ι
377 4815 468 4886 gennit
480 4809 582 4868 sterilis
601 4812 772 4877 prasonem,
788 4795 863 4865 sirpo
888 4789 992 4861 peperit
1008 4784 1082 4857 indt-

291 4929 362 4970 eem.
377 4907 432 4966 Sed
445 4906 544 4963 multos
557 4911 694 4972 precones
707 4891 836 4948 Dominus
849 4887 907 4956 ipse
917 4883 997 4940 iesus
1003 4878 1083 4935 Chri·

293 5017 352 5062 sms
363 5017 398 5059 ex
410 5012 487 5057 utero
499 4994 613 5066 virginis
623 4997 754 5046 vetrtnrns
764 4982 799 5038 ad
809 4978 931 5036 homiues
941 4971 1083 5044 promise·
1108 5025 1111 5030 ,

294 5108 334 5156 ιιι
349 5099 412 5150 ante
424 5105 464 5147 se.
480 5077 579 5143 Donnes
595 5079 735 5151 vrnpuetae
747 5074 782 5130 al)
794 5073 853 5142 ipso
868 5063 998 5140 praemissi
1008 5069 1083 5128 sunt,

295 5191 344 5248 soi
357 5185 454 5258 ipsein
467 5181 520 5238 iilis
533 5175 705 5249 loquebatur3
725 5169 770 5240 qui
790 5165 863 5221 venit
878 5167 940 5232 post
951 5157 1013 5214 ilios
1024 5161 1084 5211 erat

336 5315 352 5351 n
366 5299 397 5351 Io
406 5292 599 5358 senmurum
608 5282 759 5337 iertionariis
769 5275 897 5350 exordium
906 5272 944 5323 sie
953 5281 984 5321 se
993 5267 1083 5344 Debet:

259 5385 267 5396 -
296 5383 308 5413 ι
323 5305 445 5415 inmunis
461 5357 517 5407 dies
538 5353 628 5408 Dotiie,
643 5345 732 5397 matres
747 5339 896 5412 charissimi,
907 5333 941 5410 de
951 5330 1085 5382 Nativimte

296 5447 308 5474 ι
323 5426 350 5478 S.
362 5423 461 5474 imonis
468 5414 595 5482 Dmtistae,
607 5418 634 5462 et
644 5407 798 5472 praecursoris
808 5400 906 5476 Domini
914 5394 1003 5468 sttuite
1012 5389 1085 5450 onte,

296 5509 309 5538 a
325 5490 358 5540 int
368 5499 438 5542 nam,
449 5491 476 5534 et
494 5479 598 5543 prinmm
613 5470 727 5526 admirer,
747 5462 917 5519 amormuni,
932 5455 1085 5508 nativitatem

296 5572 308 5600 .
325 5555 357 5600 ss
368 5547 470 5604 tame,
481 5555 513 5594 an
523 5530 706 5591 omniumr
721 5529 785 5580 nure
797 5526 974 5577 tenuimus
984 5513 1085 5578 neuun

296 5633 308 5660 a
323 5623 380 5672 uus!
399 5618 489 5670 msere
500 5616 548 5654 uon
559 5603 675 5655 noverat,
688 5599 759 5668 etan

323 5676 360 5737 (t)
381 5669 496 5721 Fortasse
510 5664 565 5715 Dee
579 5661 656 5747 perita
672 5657 779 5732 inducant
792 5662 822 5700 ss
837 5647 903 5720 ioqui
915 5647 1086 5754 estempttue¹⁴

293 5744 316 5784 e:
331 5741 402 5784 osus
413 5743 482 5782 mam
491 5725 627 5778 Eoeiesum
639 5757 646 5771 .
657 5731 729 5770 omn
739 5715 805 5768 enim
816 5708 926 5762 officiose
933 5705 1045 5764 dumet,

294 5809 351 5847 suos
363 5795 542 5853 attonderetur.

858 302 889 361 s.
909 292 1093 357 tuomum
1110 253 1263 352 uniscunt

1091 419 1155 469 ente
1164 412 1236 469 iilos.
1250 412 1318 469 (inm
1326 409 1498 483 emomnttos
1512 422 1651 482 peeeonm
1665 418 1727 467 ante
1738 409 1885 469 senuerit

1092 503 1231 570 Dominus,
1245 503 1310 575 quid
1319 510 1421 559 tentum
1435 502 1486 558 iste
1495 500 1614 558 meruit?
1624 499 1688 574 qnid
1698 510 1778 560 tanta
1787 502 1886 559 exosi·

1091 593 1183 649 ientim
1197 592 1313 664 amplius
1325 592 1428 657 habuit,
1443 591 1520 659 euius
1542 590 1639 646 natalis
1652 590 1734 648 hodie
1744 606 1887 649 oommem

1091 683 1190 739 datur?
1204 682 1270 737 liam
1280 698 1369 753 neque
1381 682 1432 738 ivoe
1444 682 1504 737 siue
1513 682 1590 751 siguo
1599 682 1738 751 cujusdam
1751 683 1886 755 magnitu-

1092 772 1164 828 dinis
1178 782 1220 827 est
1232 782 1262 828 ut
1275 786 1328 827 uon
1340 772 1424 827 intest
1436 762 1497 827 dies'
1507 772 1603 827 natalis
1613 772 1682 841 eius,
1696 775 1766 828 sieut
1778 788 1833 829 non
1847 774 1887 828 is·

1093 868 1133 919 tet
1151 862 1209 919 dies
1223 862 1321 918 natalis
1336 862 1442 918 Domini
1455 862 1524 932 ejus.
1541 862 1594 917 ‚itti
1613 861 1755 933 Propheta
1778 864 1888 935 quondo

1094 954 1150 1008 nati
1164 950 1264 1009 luerint
1277 953 1448 1023 ignoremus,
1462 952 1496 1009 tle
1508 952 1612 1009 iosuae
1625 954 1728 1011 nescire
1743 970 1798 1011 uon
1813 956 1891 1012 lienis

1095 1043 1202 1114 quartdo
1215 1053 1294 1100 natus
1305 1044 1351 1099 sit.
1361 1044 1448 1100 Etiam
1462 1044 1657 1115 Dinemegnnm
1670 1046 1753 1115 ipsius
1762 1046 1889 1103 meritum

1096 1137 1231 1207 apparuit,
1245 1137 1307 1208 quie
1322 1138 1413 1193 caeteri
1429 1138 1680 1207 pronuntiaverunt
1692 1139 1848 1207 Dominum,
1862 1148 1893 1197 et

1097 1228 1190 1283 villere
1204 1226 1436 1295 desideraverunt,
1450 1237 1477 1281 et
1492 1242 1545 1283 non
1558 1228 1694 1296 viderunt,
1715 1236 1743 1285 et
1767 1229 1791 1285 si
1815 1230 1893 1286 vide-

1098 1328 1161 1374 runt
1172 1319 1200 1374 in
1210 1318 1315 1389 spiritu,
1329 1318 1446 1374 lusorum
1460 1317 1601 1385 sidereum
1618 1330 1778 1388 presentem
1801 1330 1892 1375 sutem

1100 1422 1153 1465 nou
1170 1407 1214 1463 tue
1226 1412 1334 1465 inerunt
1355 1418 1385 1464 ut
1398 1408 1532 1464 viderent.
1547 1408 1617 1465 Dieit
1631 1420 1722 1464 autem
1735 1410 1793 1480 ipse
1802 1410 1896 1465 Domi·

1101 1512 1153 1553 uus
1166 1498 1200 1553 us
1211 1497 1263 1553 iilis
1278 1497 1312 1552 mi
1325 1498 1475 1567 Discipulos
1488 1512 1563 1565 suos,
1582 1500 1645 1569 quis
1659 1498 1737 1553 dotti
1750 1499 1894 1570 propina,

1102 1591 1194 1661 etjusti
1206 1589 1338 1644 uoluerunt
1351 1589 1435 1643 videm
1448 1604 1506 1661 que
1519 1590 1619 1655 ridetis,
1629 1598 1652 1644 et
1662 1604 1714 1644 non
1726 1591 1855 1652 uiderunt,
1870 1600 1896 1645 et

1102 1681 1192 1737 audie
1205 1694 1261 1750 aaa
1269 1680 1373 1747 auditis,
1389 1688 1414 1735 et
1426 1696 1477 1735 non
1489 1679 1623 1734 audierunt
1633 1680 1741 1749 lilani.
1755 1694 1801 1736 svn
1812 1721 1821 1748 ,
1834 1679 1897 1751 Ξῖ).

1103 1770 1237 1841 iiurrvquid
1247 1786 1301 1827 uon
1315 1772 1373 1841 ipse
1386 1770 1447 1827 iilos
1463 1771 1605 1827 mitteDeti
1619 1770 1673 1826 Sed
1686 1779 1746 1827 erat
1757 1772 1784 1825 iu
1808 1770 1900 1826 omni-

1104 1862 1156 1919 Dus
1168 1860 1343 1927 Desiderinm,
1361 1860 1384 1916 si
1397 1860 1455 1917 Deri
1471 1866 1572 1931 posset,
1588 1860 1682 1916 videre
1693 1861 1737 1916 hie
1762 1862 1788 1915 iu
1815 1874 1901 1917 earne

1106 1953 1255 2010 Ginistum.
1270 1954 1324 2010 Sed
1349 1954 1410 2024 quin
1433 1962 1631 2024 precesserunt
1653 1954 1803 2018 moriendo,
1828 1954 1901 2009 siem

1107 2054 1302 2118 precesserant
1313 2046 1458 2113 nascendo,
1475 2061 1528 2103 uon
1540 2047 1582 2103 Die
1593 2060 1641 2103 eos
1650 2046 1772 2103 Ghmstus
1784 2049 1901 2115 invenit,

1108 2141 1156 2196 sed
1167 2151 1255 2195 temen
1270 2154 1318 2197 eos
1329 2141 1493 2196 inmtermm
1504 2140 1585 2195 vitam
1598 2138 1721 2195 Cirristus
1730 2140 1853 2196 redemit.
1868 2138 1903 2196 er

1110 2240 1139 2285 ut
1152 2230 1282 2285 oraveritis
1294 2230 1374 2301 queis
1386 2231 1456 2285 eires
1464 2244 1558 2285 omues
1568 2229 1730 2287 desiderium
1742 2240 1800 2286 erat
1810 2231 1904 2287 videre

1111 2322 1154 2377 irie
1175 2320 1325 2387 Christum,
1338 2318 1517 2375 recordamini
1531 2334 1623 2377 senem
1638 2319 1711 2375 iilum
1734 2320 1903 2388 Simeonem,

1110 2412 1154 2467 eui
1164 2424 1217 2467 uon
1231 2426 1279 2480 pro
1293 2425 1377 2483 parvo
1389 2411 1461 2467 Dono
1474 2412 1607 2467 nuntiavit
1620 2412 1735 2484 Spiritus
1750 2412 1817 2481 Dei,
1832 2414 1905 2486 qrvod

1112 2517 1166 2559 non
1180 2511 1253 2559 esset
1270 2504 1391 2559 exiturus
1405 2502 1439 2559 de
1456 2504 1507 2559 hoe
1518 2504 1627 2570 saeculo,
1638 2506 1688 2560 nisi
1702 2504 1814 2561 vidisset
1826 2506 1906 2561 Chri·

1112 2603 1195 2648 stum.
1210 2591 1293 2648 Notus
1306 2601 1349 2649 ost
1362 2593 1506 2660 Ciuistus;
1530 2595 1655 2665 cognovit
1670 2594 1744 2650 ilium
1773 2596 1904 2651 inluuiem

1114 2688 1141 2742 in
1168 2687 1293 2742 manibus
1305 2686 1410 2753 mutuis,
1431 2686 1544 2756 aceepit,
1561 2686 1648 2742 terruit
1660 2686 1687 2742 in
1702 2687 1845 2755 menibus,
1860 2704 1908 2743 eu·

1113 2776 1157 2848 )ιιι
1169 2776 1310 2831 Divinitate
1323 2776 1380 2847 ipse
1394 2776 1564 2847 postumius,
1580 2785 1607 2832 et
1619 2784 1714 2833 tenens
1738 2777 1764 2833 in
1784 2778 1908 2834 manibus

1116 2868 1246 2925 inlmtem
1260 2867 1389 2933 Verbum,
1400 2866 1539 2924 benedixit
1550 2866 1634 2923 Deum
1646 2868 1738 2923 dicens
1752 2888 1759 2924 :
1777 2868 1856 2923 liene
1869 2870 1910 2923 di·

1117 2959 1206 3025 mittis,
1219 2957 1339 3024 Domine,
1354 2972 1453 3014 seruum
1466 2969 1537 3013 tuum
1559 2959 1587 3013 iu
1598 2974 1681 3029 paee,
1701 2960 1823 3031 quommn
1841 2960 1912 3016 ride·

1116 3060 1176 3107 runt
1189 3052 1256 3107 oculi
1265 3052 1314 3107 mei
1320 3048 1592 3123 salutaretsumauo.
1604 3066 1634 3118 n,
1643 3050 1702 3121 29).
1717 3052 1912 3123 Propivetmer·

1118 3159 1153 3218 po
1166 3146 1209 3201 aiii
1226 3161 1278 3201 uon
1293 3144 1336 3201 irie
1350 3144 1475 3201 sitierunt
1488 3142 1636 3211 cinisium,
1651 3142 1761 3201 Simeon
1777 3143 1908 3200 inluuiem

1120 3235 1324 3303 vidit;ioannes
1334 3245 1491 3308 conceptum
1504 3237 1623 3308 spiravit,
1634 3244 1662 3293 et
1671 3237 1813 3293 salutavit:
1828 3237 1912 3293 ioan-

1120 3343 1170 3384 nes
1182 3330 1350 3383 annuntiavit
1363 3336 1393 3385 el
1406 3327 1483 3394 vidit,
1499 3328 1583 3399 digito
1599 3328 1801 3392 demonstravit,
1819 3339 1848 3386 et
1872 3331 1914 3386 di-

1121 3421 1163 3475 xit
1176 3433 1184 3472 t
1199 3417 1267 3474 Eece
1280 3435 1361 3490 apum
1382 3418 1442 3486 Dei,
1465 3435 1522 3474 ecee
1542 3419 1586 3492 aui
1609 3419 1675 3474 tollit
1701 3430 1805 3490 peeomo
1827 3423 1915 3475 neustrii

1122 3509 1212 3580 (loon.
1225 3525 1244 3566 ι.
1258 3509 1318 3581 SD).
1333 3509 1585 3582 Excellentiorergo
1599 3509 1650 3566 iste
1661 3511 1786 3566 omuibus
1798 3514 1914 3568 ceteris.

1123 3601 1191 3658 nuti
1206 3599 1294 3657 deiiio
1306 3601 1487 3658 testimouium
1500 3599 1614 3667 Domini,
1630 3600 1674 3657 ubi
1688 3615 1718 3656 se
1729 3593 1914 3672 ilii'praetuiit,

1124 3697 1259 3754 ountsinem
1272 3693 1365 3749 alienun.
1383 3695 1465 3752 Valde
1483 3709 1597 3768 maguus
1610 3702 1669 3751 erat
1686 3695 1728 3748 eui
1743 3694 1835 3762 quise
1850 3708 1917 3763 pru·-

1125 3789 1249 3857 lerreiur,
1275 3795 1372 3858 preter
1385 3785 1521 3843 Christum
1534 3826 1542 3850 ,
1557 3800 1611 3841 non
1637 3792 1706 3841 eret.
1722 3782 1839 3838 Proinde
1861 3784 1917 3852 ipse

1127 3881 1255 3936 Dominus
1271 3879 1307 3936 ita
1320 3878 1405 3936 dieis:
1421 3877 1455 3933 in
1480 3877 1547 3934 notis
1558 3877 1694 3932 mulierum
1704 3891 1777 3930 neno
1791 3877 1918 3930 reurrexit
1951 3903 1963 3932 ι

1126 3973 1209 4044 major
1220 3969 1322 4026 loanne
1340 3969 1459 4041 Baptista
1472 3967 1581 4040 (ilottlt.
1596 3985 1633 4035 ιι,
1648 3968 1705 4038 ll).
1719 3967 1756 4024 m
1778 3975 1809 4022 ut
1831 3979 1862 4022 se
1882 3967 1918 4020 ttti

1127 4070 1319 4134 preponeret,
1333 4072 1442 4118 seemm
1461 4061 1584 4131 adjvvnxit
1600 4075 1607 4113 ι
1623 4059 1673 4128 Qui
1686 4069 1772 4114 autem
1786 4059 1873 4114 minor
1883 4067 1919 4112 est

1128 4156 1155 4210 in
1169 4171 1247 4228 repro
1258 4154 1379 4210 summm
1388 4153 1471 4225 maior
1481 4153 1528 4209 illo
1539 4161 1586 4208 est.
1605 4151 1640 4208 Se
1652 4150 1720 4207 dixit
1735 4151 1880 4216 minorem,
1893 4157 1920 4206 et

1129 4246 1275 4317 majorem:
1290 4247 1419 4302 minorem
1431 4243 1585 4310 nosoeudo,
1599 4241 1728 4314 majorem
1741 4240 1919 4304 dominandm

1130 4339 1261 4394 minorem
1276 4337 1509 4405 numennumen
1523 4349 1587 4390 vero
1599 4333 1751 4403 maiestate.
1765 4332 1832 4387 Post
1841 4330 1921 4387 loavi-

1131 4443 1192 4484 nem
1206 4437 1284 4484 uatus
1295 4434 1338 4482 est
1346 4422 1485 4482 Dominus.
1495 4423 1549 4480 Sed
1561 4424 1587 4480 iu
1600 4437 1692 4488 mene,
1701 4419 1791 4478 sedda
1804 4421 1920 4492 Virgine,

1131 4528 1194 4576 arvte
1207 4518 1283 4574 iilum
1297 4525 1386 4573 sutem
1398 4513 1433 4570 ln
1448 4516 1574 4587 principio
1583 4524 1638 4570 erm
1649 4511 1761 4569 sumn.
1775 4511 1871 4581 uagus
1881 4526 1923 4566 res

1132 4621 1193 4686 post
1205 4610 1337 4669 ioannem
1353 4606 1488 4676 Christus,
1504 4615 1632 4662 ettamen
1652 4603 1769 4660 loannes
1783 4619 1833 4673 per
1844 4603 1924 4659 curi·

1133 4689 1219 4766 stum:
1234 4705 1328 4762 Omnia
1338 4705 1406 4759 enim
1423 4703 1562 4773 peripsum
1585 4702 1653 4772 laeto
1663 4708 1741 4764 mni,
1756 4707 1779 4752 st
1801 4698 1857 4753 sine
1869 4699 1925 4767 ipss

1134 4805 1277 4874 factumest
1289 4793 1354 4854 rutil
1371 4793 1460 4866 (loon.
1475 4807 1496 4858 v,
1512 4789 1551 4866 i).
1577 4791 1665 4858 Quare
1678 4803 1743 4860 ergo
1757 4787 1832 4843 venit
1845 4785 1927 4843 insu·

1135 4896 1206 4953 nesi
1217 4891 1368 4950 Ostendere
1381 4892 1451 4947 viam
1464 4884 1632 4948 itumiiitutis,
1645 4892 1674 4939 nt
1684 4882 1859 4953 presumptio
1876 4879 1926 4934 im·

1135 4988 1216 5045 minis
1231 4985 1407 5048 minueretur,
1427 4977 1511 5050 gloria
1526 4975 1573 5032 Dei
1597 4981 1750 5046 superetur.
1768 4971 1847 5026 Venit
1862 4979 1926 5038 ergo

1134 5079 1253 5135 ioannes
1268 5088 1380 5144 maguus
1392 5067 1586 5126 commendans
1597 5077 1723 5136 maguum
1735 5077 1743 5128 ς
1756 5058 1927 5135 renitimu-

1136 5182 1185 5225 ues
1208 5177 1332 5222 mensura
1351 5160 1476 5218 hominis.
1496 5154 1565 5226 Quid
1585 5164 1626 5211 est
1641 5165 1766 5209 mensura
1794 5145 1932 5205 hominist

1136 5261 1279 5330 Dinsqmn
1298 5255 1419 5312 ioannes
1432 5250 1521 5306 nuilus
1536 5251 1617 5304 Domo
1636 5257 1698 5300 esse
1710 5247 1814 5312 poteret
1827 5256 1835 5292 ι
1850 5237 1928 5311 quid·

1136 5353 1200 5427 quid
1214 5353 1317 5409 inorme
1327 5347 1388 5420 pius
1404 5353 1473 5410 erat,
1485 5345 1539 5413 jam
1559 5340 1699 5411 piusquam
1714 5335 1795 5390 homo
1807 5341 1877 5389 emi·
1897 5329 1925 5386 Si

1136 5449 1209 5504 enim
1225 5457 1350 5500 mensum
1364 5434 1554 5509 magnitudinis
1581 5431 1704 5494 humanos
1720 5431 1818 5491 tuerat,
1835 5421 1928 5479 termi-

1138 5550 1200 5596 uate
1214 5539 1241 5593 in
1259 5533 1374 5597 ioanue,
1389 5541 1444 5586 non
1458 5523 1612 5582 inveniebas
1621 5521 1677 5591 jam
1691 5518 1828 5574 Donvinem
1843 5513 1928 5582 majo·

1137 5648 1213 5699 vem,
1228 5638 1256 5686 et
1275 5635 1365 5684 umen
1379 5619 1505 5679 invenisti
1528 5615 1657 5690 maiorem
1669 5653 1677 5676 .
1690 5609 1822 5668 ωηῆῐθΐθ
1834 5605 1928 5668 Deum·

1138 5739 1219 5799 quem
1244 5720 1366 5795 proieoto
1392 5713 1501 5772 Domine
1522 5707 1632 5782 potuisti
1654 5702 1775 5760 'usuvenire
1788 5697 1927 5770 maiorem
