4117 6325
146 340 211 401 :tsi
457 384 459 389 .
545 329 663 390 scritto
680 326 777 397 nii,
796 324 842 383 bd
863 318 985 383 tensis
1003 319 1192 381 evincunt
1208 321 1286 381 Lttd.
1307 322 1380 381 xvi.
1727 328 1782 389 m

159 470 211 517 nos
232 462 304 513 tottu
316 452 432 511 muudus
445 462 538 509 sumus
557 447 648 507 modo.
662 447 732 501 tute
745 454 844 515 paucos
857 452 944 496 annos
998 436 1035 493 tia
1048 437 1120 494 enim
1134 436 1181 493 bei
1195 436 1266 493 bona
1284 439 1441 511 cuicumque
1461 438 1552 496 datum
1568 437 1711 512 (nituerit
1726 440 1781 499 Sed

160 564 213 609 non
226 560 343 613 eramus,
363 552 392 601 ει
404 544 501 599 ιιιίιιιιιι
514 548 567 607 εει,
580 537 714 611 quomodo
733 536 832 592 iactum
845 532 891 601 sit,
904 536 943 599 ut,
996 531 1065 588 bene
1076 531 1162 588 utenti
1176 545 1280 588 merces
1293 531 1450 604 aequiritur,
1467 533 1537 590 maie
1547 534 1632 590 utenti
1642 549 1721 606 pteue
1734 550 1780 590 η.

159 638 231 711 quod
244 651 293 707 per
305 644 345 693 tot
356 632 454 693 emula
467 648 520 689 nott
533 641 621 697 erant,
635 626 715 685 modo
737 626 801 682 sint.
820 622 944 693 tuturus
996 623 1132 681 tribuitur.
1147 625 1286 681 Attendite
1298 633 1399 693 ειιιειιι,
1413 627 1548 700 quomodo
1561 628 1678 684 babebat
1690 626 1778 682 Abra.

160 730 225 787 ilud
240 729 268 783 in
280 728 434 798 Prophetis.
449 724 488 781 Ne
503 729 626 796 putemus
639 736 704 777 casu
721 717 855 783 evenisse,
868 715 944 771 inte·
996 716 1059 773 bam
1071 715 1188 774 divitias.
1204 716 1338 789 Numquid
1353 718 1414 775 iiiiis
1427 721 1484 776 suis
1497 717 1639 777 sertabeti
1650 718 1679 775 Si
1692 718 1780 790 ipsum

162 818 421 891 nimusprardictum
435 830 506 875 esse.
521 813 673 871 iiineenitu
688 818 800 882 augetur
813 807 879 864 fides
896 820 946 862 no·
996 806 1081 863 iitium
1091 808 1203 879 iubente
1225 808 1281 866 tteo
1300 807 1409 879 obtulit,
1431 810 1539 869 diritias
1557 809 1694 882 quomodo
1715 824 1780 868 eon·

158 924 225 979 stra,
239 908 468 975 uiueedtseatur,
483 908 545 963 bine
558 902 735 963 coniottatut.
745 900 829 957 Nemo
838 908 889 966 εει,
899 897 945 969 qui
995 900 1122 971 tempsit?

159 1005 248 1062 dieat:
264 1002 360 1059 Subito
374 999 480 1057 accidit.
498 997 591 1057 [iudei
612 996 683 1053 [icco
705 995 766 1062 bue,
787 991 859 1064 qnod
877 1006 946 1047 nun-
1031 988 1087 1046 tit.
1108 990 1179 1063 iirgo
1193 991 1251 1049 baec
1265 992 1504 1064 &spumantes
1515 993 1778 1067 beuspromitteudu

158 1112 240 1171 qnam
256 1094 344 1152 iuitin
358 1102 441 1151 terra.
459 1090 656 1162 Nonnunquam
671 1092 698 1145 in
711 1084 857 1157 scripturis
870 1081 946 1140 debi-
995 1080 1098 1139 iecerat
1120 1082 1281 1156 debitorem,
1297 1087 1399 1143 istebat
1416 1086 1488 1159 apud
1500 1086 1618 1145 iudaeos.
1635 1090 1714 1146 Venit
1726 1090 1802 1173 iio·

158 1200 201 1247 ter
214 1192 242 1247 in
254 1190 307 1247 iilis
316 1187 358 1259 (a)
372 1186 442 1243 betts
454 1184 604 1254 tenebatur,
618 1182 666 1240 sed
676 1190 796 1253 tempore
807 1194 858 1235 suo
868 1176 945 1235 debi·
996 1177 1085 1235 uiuus
1096 1188 1190 1236 noster
1203 1180 1283 1237 iesus
1296 1180 1429 1248 cbristus,
1446 1180 1595 1238 seeundum
1609 1182 1695 1254 ipsam
1707 1184 1780 1240 Seri-

159 1292 214 1341 tom
234 1280 398 1339 redditurus.
419 1277 497 1335 Unde
515 1284 604 1332 autem
628 1274 742 1331 debebat
756 1272 843 1329 Densi
856 1273 899 1327 An
910 1272 945 1329 ab
996 1276 1103 1339 ptntam
1116 1280 1205 1338 natus,
1215 1272 1278 1342 quia
1286 1272 1433 1329 seeundum
1447 1273 1532 1344 ipsam
1540 1272 1658 1331 redditus
1671 1273 1782 1346 (tisu-

157 1374 248 1445 aiiquo
260 1380 381 1429 mutuum
400 1378 550 1440 acceperat,
570 1367 617 1439 qui
630 1361 859 1423 omnibus'omnia
871 1364 946 1421 insu·
995 1360 1112 1418 cundum
1124 1364 1209 1433 ipsam
1223 1363 1389 1435 scripturam
1400 1380 1507 1436 passus,
1519 1365 1583 1437 qnia
1596 1367 1624 1423 io
1638 1366 1696 1437 ipsa
1712 1380 1781 1437 prae·

158 1486 208 1543 per
221 1470 322 1527 donati
335 1467 387 1536 Qui
397 1466 470 1534 iecit,
481 1465 578 1536 quibus
595 1461 726 1519 donareti
738 1459 797 1515 Non
810 1456 882 1513 euitn
902 1455 945 1513 vel
995 1454 1133 1510 nuntiatus
1160 1468 1298 1525 passurus.
1322 1454 1475 1514 seeundum
1502 1456 1588 1527 ipsam
1616 1456 1781 1528 scripturam

158 1564 209 1635 ipsi
224 1560 356 1625 bomines,
370 1560 467 1631 quibus
480 1558 569 1628 aiiqna
591 1556 764 1617 donarentur,
787 1558 874 1607 erunt.
889 1547 944 1604 Po·
995 1558 1150 1616 resurgens,
1164 1546 1227 1618 quia
1239 1547 1267 1602 in
1281 1548 1337 1619 ipsa
1358 1548 1552 1619 prenuntiatus
1566 1558 1781 1607 resurrecturus,

157 1652 320 1719 testaliqais
331 1650 438 1707 dicere:
453 1648 554 1705 iteritis
566 1647 634 1703 meis
652 1645 723 1700 iieus
735 1640 869 1699 concessit
886 1636 945 1695 iaec
995 1635 1150 1693 Secundum
1164 1639 1250 1709 ipsam
1268 1639 1435 1711 scripturam
1449 1642 1599 1700 ascendens
1621 1643 1650 1700 itt
1669 1641 1779 1709 coelum

156 1745 246 1803 bonai
260 1744 339 1812 Puta,
351 1742 485 1801 concessit
502 1738 605 1795 meritis
626 1737 677 1793 tuis
695 1735 766 1791 bona
779 1733 840 1789 ista.
854 1728 889 1787 tn
902 1744 932 1787 es
994 1729 1057 1801 qnia
1070 1728 1098 1784 in
1111 1728 1168 1800 ipsa
1189 1732 1383 1801 praenuntiatos
1404 1746 1577 1791 ascensuros.
1602 1731 1781 1807 Posteaquam

156 1834 432 1905 summoconstant
446 1829 503 1900 Qui
521 1845 574 1887 non
586 1843 657 1896 etas,
678 1824 743 1897 quid
757 1824 804 1881 tibi
817 1821 945 1879 donarit?
994 1822 1116 1878 aseendit
1125 1822 1261 1892 ignoratus
1275 1838 1290 1879 a
1303 1823 1415 1893 iudaeis,
1428 1826 1626 1897 coepitmittere
1638 1827 1783 1899 Apostolos

60 1940 62 1945 ’
157 1927 195 1985 Ut
210 1941 285 1983 esses
299 1925 391 1999 pratis.
411 1924 471 1981 Non
490 1923 561 1979 enim
574 1932 762 1993 promerueras
773 1916 848 1982 iliud,
870 1922 933 1971 ente
995 1926 1059 1970 suos
1070 1913 1219 1985 adgentes,
1239 1923 1267 1971 ει
1286 1916 1402 1986 quodam
1417 1916 1629 1975 modoexeitare
1647 1916 1783 1975 dormien-

155 2034 239 2090 quam
251 2030 337 2075 esses.
350 2015 436 2073 Crede
448 2016 484 2081 ei,
498 2014 561 2085 quie
572 2023 601 2069 et
611 2018 708 2069 cetera
728 2008 810 2079 quatis
825 2005 873 2063 tibi
896 2003 945 2061 do·
996 2012 1047 2073 tes,
1062 2014 1090 2062 et
1100 2006 1210 2063 dicet-ei
1224 2004 1343 2078 Sumite,
1360 2008 1474 2078 recipite
1488 2007 1619 2077 debitum,
1631 2009 1703 2081 quod
1715 2008 1782 2066 oiim

157 2123 225 2165 nare
237 2108 363 2178 dignatus
377 2115 429 2163 est.
444 2104 582 2162 Habemus
594 2116 659 2173 ergo
672 2100 784 2173 qratiam
795 2096 855 2163 bei,
869 2103 896 2153 et
905 2101 946 2151 te·
995 2096 1073 2152 tobis
1084 2097 1246 2169 promissum
1258 2101 1317 2166 esti
1331 2098 1398 2166 Quis
1422 2108 1475 2167 est,
1489 2100 1534 2171 qui
1546 2100 1647 2157 excitat
1665 2100 1782 2158 credito·

157 2202 240 2257 nebat
252 2202 336 2257 benur
346 2198 465 2271 quodam
478 2196 559 2254 modo
572 2194 721 2253 debitorem
737 2189 852 2247 mundus
861 2194 943 2244 tutus.
994 2204 1054 2246 rem
1066 2204 1155 2260 suurn,
1170 2200 1198 2247 et
1211 2191 1292 2248 odert
1303 2190 1345 2247 iiii
1365 2190 1438 2263 qnod
1448 2192 1548 2249 debeti
1558 2191 1617 2249 iion
1630 2192 1705 2249 enim
1715 2207 1782 2266 qen·

156 2292 216 2349 into
228 2304 283 2347 non
297 2290 415 2353 tenebor,
426 2288 488 2359 quia
502 2287 667 2352 cautionem,
679 2298 759 2356 quarn
770 2280 884 2348 iecerat,
899 2292 944 2333 ne·
995 2289 1047 2349 ιεε,
1068 2283 1130 2353 quia
1153 2282 1304 2339 debitorem
1319 2283 1453 2341 babebant
1475 2284 1571 2352 iienm,
1594 2294 1780 2341 surreterunt.

155 2381 270 2438 sciebat.
282 2377 465 2437 immittendo
473 2392 504 2433 se
512 2376 575 2433 iecit
588 2374 747 2440 debitorem,
757 2386 812 2427 non
822 2378 944 2425 mutuum
996 2370 1105 2427 Vocatur
1118 2383 1191 2441 suut,
1206 2375 1234 2429 itt
1247 2374 1413 2446 scripturam
1434 2373 1577 2434 intendere
1588 2383 1738 2448 oeperunt,
1754 2384 1782 2433 et

155 2470 405 2543 accipiendorum
419 2468 522 2525 dnobus
534 2467 621 2525 modis
631 2465 728 2522 dieitur
742 2464 847 2523 debitor
857 2460 946 2517 :rteu-
995 2460 1033 2517 ibi
1043 2462 1175 2531 invenire,
1191 2465 1264 2535 quia,
1280 2464 1351 2536 quod
1365 2466 1545 2537 accipiebant,
1562 2467 1619 2535 iam
1638 2468 1702 2524 obet
1715 2467 1782 2539 ipsis

155 2564 203 2633 de,
219 2562 291 2635 quod
305 2560 440 2633 accepisti,
454 2568 501 2616 aut
512 2558 585 2631 qttod
600 2557 757 2629 promisisti.
780 2552 857 2623 Quia,
873 2550 945 2623 qnod
995 2559 1157 2625 promissum
1170 2563 1240 2613 erat.
1254 2558 1425 2629 deceperunt
1444 2558 1583 2616 Christum
1606 2559 1780 2630 promissum,

156 2655 284 2728 promisit
299 2655 379 2721 bens,
395 2667 449 2709 non
463 2660 552 2723 potest
570 2649 640 2707 dicit
655 2646 766 2713 Reddet
787 2644 854 2701 nibil
873 2642 945 2699 eninr
995 2654 1024 2703 et
1036 2645 1195 2715 exhibitum,
1209 2660 1370 2720 acceperunt
1382 2649 1496 2721 qratiam
1509 2650 1569 2720 liei,
1579 2650 1707 2724 Spiritum
1721 2662 1784 2707 san-

154 2748 195 2805 ab
206 2747 314 2803 bomine
323 2746 436 2818 accepit,
450 2744 496 2817 qui
511 2751 596 2799 totum
607 2740 709 2797 bomini
719 2738 808 2805 dedit;
822 2742 946 2793 restaiut
994 2746 1069 2794 ctum
1084 2740 1257 2810 promissum,
1280 2749 1308 2798 et
1329 2741 1488 2811 exhibitum,
1513 2753 1674 2815 acceperuut
1695 2745 1782 2817 ipsam

155 2839 265 2897 debitor
279 2840 390 2903 nonsit,
405 2838 457 2893 nisi
469 2838 532 2909 quia
545 2835 664 2907 poitieeri
679 2834 804 2903 dignatus
818 2839 869 2887 εει.
995 2828 1201 2901 Ecclesiamper
1210 2845 1306 2888 omnes
1317 2839 1424 2904 gentes,
1440 2834 1599 2905 dispersam,
1610 2838 1781 2907 promissam,

195 2931 240 2989 Vi.
261 2932 325 2987 iiaee
344 2929 501 3001 pollicitatio
515 2929 541 2984 in
556 2927 703 2999 scripturis
719 2933 788 2991 emt,
811 2924 854 2979 iam
872 2922 945 2980 Seri-
995 2928 1023 2977 et
1034 2920 1191 2978 exhibitam.
1205 2922 1491 2996 idola,qtteeoiebant
1504 2936 1610 2998 getttes,
1623 2929 1784 2999 premiserat

154 3034 246 3097 ptume
265 3024 293 3081 in
315 3037 368 3079 ttna
389 3030 469 3094 gente
491 3020 593 3087 iudea,
618 3033 697 3091 quam
710 3018 793 3089 eterit
814 3016 888 3073 nesci
912 3014 946 3071 de
997 3013 1069 3071 Deus
1086 3028 1117 3070 se
1135 3030 1303 3103 eversurum.
1327 3017 1437 3089 Legitur
1449 3018 1476 3074 in
1490 3018 1651 3092 seripturis3
1666 3020 1704 3077 ibi
1717 3019 1784 3078 iilud

155 3130 243 3174 carno
254 3112 324 3171 serti
337 3112 390 3180 sui,
407 3110 494 3168 iideiis
508 3110 560 3178 sui,
575 3111 620 3180 qui
640 3108 667 3164 in
685 3107 759 3164 iiiutn
772 3105 896 3164 credidit.
912 3105 947 3162 Et
996 3108 1101 3166 invenis
1113 3106 1189 3180 (imi.
1202 3123 1232 3175 tt,
1248 3108 1295 3177 183
1316 3109 1538 3180 timentque
1550 3110 1632 3169 det.
1647 3128 1667 3180 t,
1682 3110 1721 3187 i).
1736 3112 1783 3171 iii·

155 3205 296 3277 quomodo
308 3219 376 3277 qens
390 3203 436 3259 iiia
448 3211 510 3259 nata
522 3201 581 3258 esti
593 3202 630 3258 be
639 3198 774 3256 Abrabam
784 3213 860 3264 sene,
876 3206 902 3256 et
912 3197 946 3255 de
995 3199 1067 3256 detis
1080 3199 1306 3270 quemadmodum
1330 3200 1383 3258 boe
1404 3204 1571 3273 temporibus
1596 3206 1698 3262 nostris
1718 3205 1784 3262 iecit

145 3297 225 3356 ¹Sara
236 3297 332 3354 sterili.
341 3295 377 3353 iit
386 3295 575 3367 parturiretur,
588 3299 782 3348 tttnasceretur
793 3292 851 3362 ipse
860 3290 943 3358 isaac,
997 3290 1078 3358 Deus,
1100 3289 1172 3362 quod
1197 3301 1260 3349 ante
1275 3300 1315 3348 tot
1327 3293 1411 3349 miliia
1424 3308 1558 3352 annorum
1572 3296 1706 3366 promisit.
1720 3296 1784 3354 Ete-

156 3391 232 3448 unde
244 3391 318 3446 vertit
327 3403 394 3460 qens
405 3387 569 3454 iudeorum,
582 3385 741 3442 miraculum
752 3384 799 3442 init
810 3383 885 3458 (Gen.
893 3399 947 3441 xm
996 3381 1053 3438 nim
1075 3390 1263 3439 conuerterant
1283 3398 1313 3441 se
1333 3383 1459 3442 bomines'
1479 3386 1586 3453 abeo,
1610 3403 1701 3459 aque
1722 3389 1783 3446 iacti

155 3490 183 3536 et
196 3481 265 3550 ιιι).
279 3479 351 3536 Nihil
372 3478 406 3535 de
418 3475 546 3534 membris
560 3475 616 3532 suis
630 3489 714 3532 senex
728 3475 863 3546 sperabat,
880 3473 947 3531 nibil
996 3483 1084 3541 eraut,
1099 3477 1132 3530 ad
1142 3473 1218 3542 iiittti,
1231 3475 1303 3546 qttod
1315 3476 1366 3547 ipsi
1375 3476 1506 3534 teeerauts
1515 3477 1551 3534 Et
1560 3494 1621 3537 eum
1632 3481 1667 3536 sit
1677 3496 1785 3553 semper

155 3571 195 3627 de
207 3569 346 3626 sterilitate
360 3569 481 3640 conjugis
493 3582 550 3624 sue
560 3576 653 3638 optare
664 3567 791 3624 audebat.
804 3565 948 3636 Quodom·
997 3564 1103 3632 metior,
1119 3565 1165 3634 qui
1180 3565 1252 3635 iacit,
1265 3581 1346 3638 qnam
1358 3566 1434 3636 iliud,
1446 3570 1517 3641 quod
1530 3569 1603 3640 iacit,
1617 3572 1679 3628 ideo
1688 3572 1785 3630 meiior

155 3662 225 3717 nino
240 3675 294 3716 non
307 3661 487 3732 computabat,
503 3660 575 3742 Deus
594 3659 633 3716 iiii
657 3659 764 3728 obtulit,
779 3668 807 3716 et
825 3657 947 3716 oderenti
998 3657 1118 3715 estiietts
1129 3659 1277 3715 nousoium
1289 3660 1496 3732 bomine,quem
1508 3661 1582 3731 iecit,
1597 3663 1645 3720 sed
1660 3665 1785 3723 omnibns

155 3752 218 3808 Deo
231 3749 354 3817 eredidit,
369 3750 415 3822 qui
426 3750 506 3806 abeo
515 3761 608 3822 optare
621 3765 675 3808 non
688 3766 769 3809 ausus
780 3760 832 3808 εει.
844 3750 947 3808 Etcum
997 3749 1119 3820 dnqeiis,
1136 3749 1295 3821 Virtutibus,
1310 3751 1503 3822 Potestatibus,
1517 3753 1644 3823 Sedibus,
1654 3755 1782 3826 Tironis,

155 3842 329 3911 credidisset,
343 3850 371 3900 et
392 3851 470 3898 nates
483 3842 509 3898 ei
522 3850 595 3900 esset
607 3843 688 3909 diius,
709 3843 744 3900 de
756 3859 809 3913 qno
821 3842 946 3912 credidit,
998 3841 1240 3913 nominationibus,
1254 3845 1317 3916 quia
1330 3846 1420 3902 omnia
1433 3848 1491 3918 ipse
1502 3848 1624 3906 condidit
1640 3846 1748 3922 (Epic.
1762 3867 1784 3921 t,

156 3933 324 3989 nascituram
337 3932 504 3990 innumeram
517 3933 632 4005 proiem,
649 3934 725 4004 petiit
735 3933 806 3990 licus
819 3935 906 4006 ipsum
918 3933 949 3988 d·
997 3933 1043 3999 ac
1057 3943 1081 3989 et
1090 3931 1189 3990 Goiort.
1202 3950 1222 3999 t,
1238 3934 1294 4008 iii),
1306 3945 1337 3992 ut
1348 3938 1385 3993 sit
1394 3938 1516 4008 interius,
1528 3940 1657 4013 quidquid
1669 3941 1787 3998 iacitito·

155 4024 226 4080 iiutn
239 4024 369 4080 immolari
380 4025 431 4081 sibi
449 4023 504 4098 (id.
516 4023 594 4098 rna).
608 4024 702 4081 Tantte
716 4035 804 4082 autem
823 4025 887 4082 iidei
899 4026 949 4082 tuit
998 4038 1054 4092 mo,
1065 4039 1145 4096 qoam
1159 4033 1201 4081 εει
1213 4027 1272 4098 ipse
1284 4025 1376 4086 bomo.
1391 4029 1433 4087 nd
1450 4039 1552 4088 ιειιιειιι
1564 4032 1725 4090 dementiam
1737 4035 1787 4090 dtt·

156 4115 307 4183 Abrabam,
325 4123 357 4172 ut
377 4129 432 4172 nott
453 4115 585 4174 dubitaret
607 4116 747 4174 immolare
772 4118 890 4183 unicum,
913 4117 949 4174 de
998 4117 1124 4175 ctierant
1138 4119 1271 4188 beminen,
1285 4121 1787 4198 utadorarentidoium,quidamnare

156 4222 214 4277 quo
235 4216 376 4278 acceperat
396 4207 567 4278 promissum.
591 4206 723 4278 Numquid
749 4209 897 4276 hesitavit,
920 4217 949 4266 et
998 4207 1184 4266 demumst
1205 4212 1349 4270 adorarent
1369 4213 1486 4282 iabrum,
1501 4216 1546 4288 qui
1560 4217 1661 4274 iecerat
1673 4218 1784 4286 idolum,

156 4299 227 4356 dixit
238 4301 309 4356 beo:
322 4299 446 4368 Domine,
463 4315 511 4370 pro
524 4315 620 4372 magno
634 4299 700 4357 tniiti
720 4302 878 4360 concessisti
898 4301 946 4358 lii-
1000 4300 1170 4356 maniiestum
1184 4313 1236 4370 est,
1251 4303 1361 4372 iratres,
1374 4305 1631 4377 qniaiabermeliur,
1642 4308 1788 4380 quamido-

156 4390 225 4446 iium
239 4391 266 4445 in
280 4399 427 4458 senectute,
441 4405 491 4460 pro
504 4391 608 4461 maguis
627 4391 707 4456 totis,
727 4406 777 4464 pro
791 4407 887 4464 tuaque
900 4393 948 4448 ioe-
999 4389 1065 4457 lum,
1079 4391 1151 4461 quod
1166 4394 1237 4448 tecit.
1255 4393 1363 4450 Etcum
1384 4396 1535 4453 detestandi
1548 4408 1639 4455 essent
1652 4399 1785 4468 homines,

156 4481 229 4547 titia,
246 4483 381 4553 insperato
398 4481 464 4537 mibi
477 4491 555 4540 natus
568 4492 612 4540 est
625 4483 707 4540 iilius.
720 4483 796 4539 iiune
809 4485 904 4554 exigis,
919 4493 948 4539 ut
999 4483 1022 4536 si
1034 4481 1139 4538 taurum
1148 4481 1304 4554 adorarent,
1317 4484 1408 4557 ipsum
1419 4487 1655 4561 idotumadoram‚
1669 4491 1788 4563 quodia-

156 4569 299 4628 occidam?
313 4571 408 4628 Nonne
420 4571 515 4629 meiius
525 4582 593 4641 erat,
609 4583 638 4629 ut
651 4588 704 4629 non
714 4573 802 4640 dares,
820 4587 900 4645 quam
917 4580 949 4632 nt
998 4583 1072 4631 etum
1084 4582 1151 4632 esta
1161 4575 1247 4633 iabro.
1257 4577 1413 4636 Detestandi
1422 4593 1515 4638 essent
1524 4582 1787 4654 adorandoisbrum,

155 4662 397 4720 datumatrierresi
411 4663 470 4748 Nou
484 4664 542 4720 baee
554 4663 631 4730 dixit,
647 4663 947 4724 sederediditutiiees·
998 4669 1048 4726 sed
1059 4669 1186 4727 meiiorcs
1204 4679 1307 4740 essent,
1326 4687 1407 4745 quam
1427 4675 1475 4746 qui
1496 4676 1609 4733 adorant
1628 4677 1740 4734 idoium.
1759 4678 1790 4736 Si

157 4769 201 4821 se,
215 4753 343 4825 quidquid
360 4754 443 4808 iieum
454 4754 563 4809 videbat
576 4755 656 4810 velie.
671 4754 736 4811 iiaec
746 4764 790 4812 est
802 4757 878 4824 tues,
890 4757 948 4815 ira·
998 4775 1064 4834 erqo
1076 4761 1240 4819 damnantur
1251 4764 1387 4834 meliores,
1401 4766 1536 4838 quomodo
1550 4769 1649 4842 piauqo
1662 4770 1790 4842 pejores?

157 4854 229 4902 tres.
244 4844 324 4900 Certe
348 4844 453 4914 Pauper
467 4843 512 4900 iile
536 4845 562 4899 in
577 4845 665 4900 sinum
688 4845 803 4902 Abrabae
825 4848 947 4905 sublatus
999 4853 1029 4910 Si
1041 4869 1107 4911 nero
1121 4855 1278 4914 adorantem
1302 4855 1408 4914 iabrum
1430 4858 1612 4917 damnandnm
1639 4875 1700 4919 esse
1722 4861 1788 4930 diti,

156 4942 212 5003 est,
228 4943 255 4988 et
270 4934 349 4990 bites
365 4934 412 4989 iiie
424 4933 458 4990 ad
474 4943 605 4990 tormenta
620 4933 782 4994 inferorum.
799 4937 834 4996 tn
855 4939 947 4996 sciatis
999 4948 1045 5016 qni
1059 4947 1170 5005 dimittit
1182 4949 1299 5019 iabrum,
1315 4960 1343 5008 et
1365 4952 1460 5009 adorat
1486 4953 1598 5022 idolum,
1625 4958 1671 5027 qui
1695 4956 1789 5028 utique

155 5039 214 5080 ¹¹0⁰
229 5024 257 5080 1¹¹
276 5025 355 5096 ‘iulii
367 5039 429 5080 8⁸⁵0
443 5023 559 5092 (fidilis,
579 5023 714 5082 Abraham
736 5026 812 5084 dives
830 5037 896 5098 erat,
919 5032 947 5087 ¹¹¹
999 5039 1140 5096 meliorem
1155 5040 1267 5107 dimisit,
1283 5040 1318 5097 ad
1331 5040 1487 5101 interiorem
1498 5061 1530 5104 se
1543 5047 1667 5119 eontulit,
1677 5062 1790 5120 quomo·

132 5181 134 5187 ¹
155 5116 237 5186 cujus
261 5116 322 5172 sintt
340 5115 458 5174 Lazarus
478 5116 673 5188 requiescebat.
697 5118 777 5176 bites
790 5120 834 5177 itie
848 5129 905 5180 erat
918 5122 946 5180 itt
999 5130 1035 5186 do
1044 5132 1210 5191 damnandus
1224 5136 1285 5192 esti
1299 5135 1352 5192 Sed
1366 5151 1446 5207 quem
1459 5138 1599 5196 meliorem
1614 5123 1700 5211 primo
1712 5139 1791 5197 dimi·

157 5217 247 5264 terra:
261 5209 331 5265 sient
345 5208 474 5266 habemus
485 5209 626 5268 docentem
640 5211 815 5284 Scriptorum.
827 5215 947 5274 Habebat
999 5225 1051 5282 siti
1060 5226 1168 5284 neuma
1180 5227 1300 5298 quoipse
1311 5227 1398 5284 iaetus
1408 5235 1458 5285 est.
1470 5229 1616 5302 imaginem
1625 5231 1673 5288 liei
1682 5231 1789 5303 querit.

156 5307 274 5360 muttum
288 5304 357 5371 auri,
371 5305 484 5376 amenti,
499 5319 635 5376 pecorum,
650 5306 768 5366 tamtttu.
783 5311 864 5367 oties
877 5321 946 5382 erat,
999 5317 1029 5374 tn
1044 5319 1331 5376 coemtionem
1346 5320 1433 5392 pouit
1454 5320 1544 5380 tacere
1556 5323 1632 5379 taner
1644 5323 1788 5394 tuaptneu

157 5397 208 5456 sed
222 5397 353 5468 superbus
364 5412 417 5453 non
431 5407 498 5454 erat.
518 5397 554 5456 Ut
573 5400 710 5470 noteritie,
736 5405 797 5473 qttia
816 5405 845 5460 in
865 5405 948 5465 divite
999 5409 1059 5475 liei,
1074 5411 1122 5467 sed
1137 5411 1209 5467 licus
1219 5411 1308 5483 potuit
1320 5411 1409 5470 iacere
1422 5412 1565 5486 imaginem
1580 5414 1641 5471 sibi.
1654 5412 1714 5471 Non
1725 5415 1789 5473 iecit

156 5489 218 5546 sola
238 5489 412 5580 torquebatur
431 5491 566 5562 superbia,
581 5490 639 5548 soia
661 5494 855 5564 torquebantur
867 5498 943 5557 vitia.
999 5502 1168 5559 autemaiiud
1179 5503 1426 5574 tibi,sedteipsum
1436 5503 1541 5562 iecitad
1550 5506 1690 5577 imaginem
1700 5507 1787 5565 suam:

156 5578 220 5650 ipsa
229 5588 382 5636 meruerant
395 5596 511 5660 pennam,
525 5597 578 5639 non
589 5581 737 5639 sumunda
749 5585 806 5640 Dei.
817 5586 946 5644 Substan-
999 5594 1145 5651 Aderando
1164 5605 1253 5652 autem
1266 5596 1409 5668 imaginem
1424 5599 1550 5668 bominis,
1570 5614 1650 5672 quam
1674 5599 1782 5671 fecitte

155 5709 229 5823 diga?
244 5709 293 5761 Aut
311 5711 447 5786 redqndat:
466 5712 492 5766 in
507 5711 571 5778 itte,
591 5720 634 5767 aut
648 5715 868 5797 submmutpuumr
886 5735 948 5788 prte-
1030 5731 1058 5788 (u
1084 5729 1154 5795 Lego
1164 5744 1171 5782 t
1182 5731 1250 5784 dote.
1291 5703 1297 5718 ⁸

226 5772 285 5836 ,tei
296 5785 421 5838 pmmtssa.
1033 5791 1060 5856 (t
1085 5791 1512 5863 Fortasseieqendumtpromiastu.
