4117 6325
875 342 906 403 8·
925 332 1115 402 tuccetum
1130 330 1281 391 crucem
1863 328 1913 388 stt

285 473 304 518 «ι
317 463 410 539 gloria
425 469 514 535 posset
528 460 598 517 torte
610 458 729 525 bumana
741 457 833 531 bayas
851 454 985 523 tumere,
999 454 1024 511 ti
1037 464 1068 509 se
1122 445 1527 514 umtmmaumatosrmrcs,
1536 445 1587 505 uisi
1598 436 1714 503 mainel
1722 447 1910 505 ataflamorm.

280 558 409 613 uoluisset
420 557 479 625 ipsc
489 553 606 619 undare.
623 551 814 615 Verumtamen
826 557 854 610 ιι
863 565 912 607 eos
924 547 1069 617 durabunt,
1124 544 1236 616 ttaynm
1249 544 1301 599 iste
1314 542 1364 607 uir,
1378 541 1449 599 dicet
1461 543 1567 614 alimum
1581 542 1667 599 boans
1677 551 1728 605 est.
1740 556 1853 613 maguus
1863 556 1909 599 est.

278 649 362 720 iringis
376 664 455 719 qttettt
474 648 599 708 facultate
613 646 754 709 laudemus
767 659 842 711 ente,
855 642 910 702 tuo
925 639 1070 697 Dominum
1127 637 1225 695 Unde!
1236 652 1339 706 abaco.
1354 636 1435 691 Helu
1458 636 1543 691 notit.
1558 636 1627 702 Quid
1639 636 1847 708 diliuattpuaro,
1863 654 1911 691 ntrtt

279 740 419 795 lutulentus
430 740 510 803 ineu,
522 739 666 806 bominum
677 740 703 791 in
713 737 770 799 illo,
780 746 811 795 et
820 733 934 800 illumin
946 730 1069 788 bomine.
1125 728 1190 799 quid
1212 728 1290 785 sciat.
1314 726 1405 783 Nolite
1426 744 1486 799 cryc
1507 728 1613 799 dripere
1633 729 1766 797 masadam,
1782 746 1860 801 rrepur
1873 748 1910 799 ra,

278 834 346 900 Quid
361 832 432 889 cuitu
444 840 516 887 esset
528 832 556 885 iu
566 831 689 892 bomine,
698 843 749 885 tot
761 827 908 899 butyrum
917 823 953 883 de
962 821 1074 891 Psalmo
1123 840 1179 895 que
1189 823 1286 879 ιιιιιιιιι
1296 822 1401 877 mutio.
1418 821 1450 877 si
1463 822 1518 893 qttia
1530 821 1649 877 dilexerit
1664 824 1799 891 mudum,
1815 840 1865 879 non
1879 837 1913 879 cst

277 923 376 990 uredo,
392 940 452 979 cunr
467 923 620 993 legeretur,
633 921 723 979 audita
736 932 779 977 est
790 938 797 973 ε
810 919 942 979 intubum
954 925 1070 972 nostrum
1124 916 1236 973 ciantm
1250 916 1338 973 Patris
1349 916 1379 973 in
1387 916 1453 981 illo,
1467 917 1588 987 prosimu
1600 918 1696 985 omnia,
1710 934 1768 987 qua
1780 921 1809 974 in
1820 923 1914 979 marrdo

276 1016 303 1068 in
330 1016 431 1076 nonum
455 1014 558 1074 buruni
582 1012 667 1085 (Paul.
692 1027 790 1075 crxrtt,
805 1011 823 1066 8
838 1011 859 1081 t.
886 1008 917 1065 Si
940 1006 1070 1066 astruunt
1124 1020 1192 1075 tunt,
1206 1011 1311 1081 (ratique
1322 1012 1349 1066 ia
1362 1009 1536 1066 dilectoribu
1550 1012 1662 1075 mundi:
1678 1028 1719 1075 ea,
1736 1028 1797 1083 aare
1811 1024 1874 1070 siut
1888 1015 1912 1071 in

277 1106 398 1163 omnium
419 1117 541 1166 uestrum
559 1105 589 1169 ἰι
607 1105 714 1173 lumine
731 1101 856 1168 Domini,
870 1110 971 1172 quanto
985 1098 1070 1168 megia
1123 1102 1297 1160 dbuortbua
1310 1102 1415 1174 mundi)
1428 1102 1633 1172 muuplreemiu
1649 1106 1803 1173 earnircrt,
1819 1117 1912 1163 eccon
2021 1152 2022 1165 ,

279 1199 436 1269 Martyrum.
454 1198 504 1258 libi
516 1198 602 1267 maior
617 1211 716 1267 pugna,
729 1195 767 1265 ibi
780 1195 865 1263 maius
880 1192 1010 1250 auxilium
1022 1203 1070 1243 nc·
1123 1194 1279 1264 cupiscentit
1292 1193 1436 1261 occursura,
1452 1202 1478 1247 et
1494 1192 1599 1249 ambitio
1617 1196 1714 1251 mesta
1732 1196 1761 1251 ln
1786 1200 1912 1269 concupi·

278 1292 425 1358 cessarium
447 1300 498 1348 est.
518 1291 575 1349 buo
601 1297 663 1348 suut
686 1288 776 1351 erim.
790 1301 850 1357 que
874 1284 975 1341 bciuut
990 1281 1070 1340 Clari·
1124 1288 1507 1359 maatbcarnisroluptasest.
1517 1289 1767 1360 inconcupiscentia
1778 1293 1912 1347 oculorum

277 1387 425 1451 stiattorum
449 1394 590 1455 angustam
614 1384 682 1437 rum
699 1400 706 1435 ι
721 1380 868 1451 uoluptatis
886 1375 1019 1447 abjectio,
1044 1384 1072 1431 et
1125 1380 1268 1437 curiositas
1279 1390 1332 1437 est.
1350 1380 1377 1436 ln
1393 1382 1542 1441 ambitione
1554 1382 1645 1438 seculi
1659 1382 1786 1453 seyrerbie
1799 1394 1853 1440 est.
1866 1386 1913 1451 Qui

280 1480 422 1537 tolerantia
435 1478 577 1549 passionis.
595 1477 706 1542 lincis,
720 1476 882 1546 atticumque
894 1470 1033 1540 ccrrssiyis,
1049 1469 1074 1531 si
1127 1478 1178 1543 tyla
1191 1473 1243 1529 ista
1256 1473 1452 1539 incinerari
1467 1482 1588 1529 remanet
1598 1476 1709 1533 omniuo
1720 1476 1750 1529 iu
1761 1464 1911 1545 cupiditate,
2021 1458 2022 1479 ³

281 1573 388 1640 viceris,
405 1572 476 1643 quod
492 1571 567 1637 lubet,
584 1578 610 1622 et
625 1578 716 1623 terret.
734 1566 838 1632 Vincis,
850 1567 958 1633 inquam
969 1600 978 1628 ,
990 1557 1070 1616 Citri-
1126 1564 1198 1637 qaotl
1217 1566 1316 1621 vincat.
1337 1566 1413 1623 llulti
1432 1566 1520 1633 rami,
1536 1566 1584 1621 sed
1598 1566 1693 1637 triplex
1708 1566 1796 1623 radix.
1810 1566 1912 1635 Quota
2021 1590 2022 1613 ι

278 1668 374 1727 stiane.
390 1666 552 1737 quicumque
565 1661 697 1734 contige,
713 1661 735 1713 si
747 1660 853 1717 sicoris.
868 1654 940 1727 quod
953 1653 1030 1719 libet,
1045 1658 1073 1710 et
1126 1658 1196 1715 mala
1209 1658 1299 1724 babet,
1313 1668 1412 1730 quanta
1422 1659 1490 1715 naba
1505 1658 1569 1715 lacit
1582 1661 1700 1716 carnalis
1712 1662 1858 1732 voluptatis
1871 1676 1913 1732 ap
2021 1700 2022 1735 ,

280 1767 372 1815 terret.
386 1758 475 1822 atiud,
487 1755 558 1827 quod
569 1756 633 1814 lrbct
643 1772 650 1818 ;
660 1752 741 1819 aliud,
752 1750 823 1822 quoti
834 1758 927 1815 terret.
937 1747 992 1812 Sed
1002 1760 1074 1803 cutte
1124 1754 1237 1825 petitio!
1252 1752 1316 1809 inde
1330 1753 1477 1819 adulteria,
1492 1754 1698 1821 fornicationes,
1714 1754 1778 1811 inde
1792 1756 1912 1823 luunt,
2021 1738 2022 1779 i

279 1854 314 1909 de
327 1854 473 1923 ilar-tyrum
497 1851 583 1919 agitur
596 1849 692 1919 gloria.
709 1846 799 1904 Facile
816 1852 858 1901 est
871 1842 1016 1913 Martyrum
1028 1854 1073 1899 ao·
1125 1845 1190 1903 inde
1198 1846 1324 1903 ebrietas.
1336 1846 1469 1916 Quidquid
1481 1847 1569 1903 titillat
1581 1862 1678 1905 senem
1690 1848 1792 1913 illicite,
1804 1858 1833 1904 ct
1843 1862 1915 1904 men-

282 1948 381 2002 lemnia
403 1944 557 2011 celebrare3
574 1940 682 2005 difficile
704 1948 747 2011 est
768 1936 915 2006 ldartyrum
933 1933 1072 2005 passiones
1126 1946 1180 1993 tem
1194 1946 1317 2009 penetret
1329 1939 1460 1995 suauitate
1477 1939 1602 2010 pessilem
1616 1982 1623 2007 ,
1639 1938 1738 1995 addicit
1752 1942 1830 1997 carni
1843 1956 1916 1997 men·

279 2038 390 2100 imum.
1126 2039 1191 2101 tem,
1209 2032 1336 2087 deturbat
1354 2034 1569 2099 exercitatorem,
1590 2034 1663 2089 sulit
1682 2034 1813 2090 semiusti
1835 2036 1916 2104 bone
2022 2096 2023 2109 .

316 2130 349 2186 ll.
362 2131 522 2203 amusium,
538 2137 567 2186 ut
578 2126 668 2193 dicere
680 2137 826 2195 coeperam,
840 2131 869 2179 et
880 2129 983 2185 aretam
995 2116 1073 2174 cbri-
1125 2130 1240 2179 rantem.
1250 2122 1285 2177 lit
1296 2122 1361 2193 quid
1372 2123 1471 2194 poterit
1480 2122 1561 2179 bomo
1570 2124 1771 2181 lacererectum
1782 2125 1809 2179 in
1820 2138 1851 2181 se
1860 2126 1916 2195 ipso

280 2225 429 2283 stiauorum
448 2224 517 2277 viam
537 2220 598 2276 dure
617 2234 661 2275 res
682 2218 781 2283 iaciunt
794 2234 801 2272 ε
812 2222 981 2285 contemptus
994 2212 1073 2269 rolu-
1125 2215 1313 2285 perversusl'

281 2316 373 2387 ptatis,
388 2323 415 2369 et
426 2313 567 2382 tolerantia
578 2310 719 2384 passionis.
730 2307 857 2379 Quisquis
868 2320 932 2379 eruo
942 2303 1072 2375 confligit,
1163 2306 1206 2361 ill.
1218 2306 1283 2375 Qun
1294 2307 1365 2363 naala
1376 2308 1534 2379 lacitturplt
1543 2308 1692 2375 eurinmtas,
1701 2308 1916 2380 concupiscentia

279 2410 460 2475 seiatsecum
474 2413 530 2461 toto
540 2402 640 2462 mundo
651 2400 806 2472 contigere,
815 2407 843 2465 et
851 2397 999 2470 multigenas
1011 2410 1074 2460 cum
1125 2411 1194 2453 uana
1216 2396 1375 2465 oculorum,
1390 2400 1504 2457 ariditas
1523 2400 1663 2470 nugacium
1683 2402 1915 2470 speuaeulcrum,

280 2510 336 2559 toto
349 2500 461 2567 mundo,
476 2499 536 2566 baec
547 2496 602 2554 duo
614 2496 713 2559 vineat,
723 2503 752 2553 et
762 2493 847 2550 uincit
858 2490 996 2548 rutundum·
1009 2489 1074 2547 vn-
1126 2488 1230 2545 insania
1252 2492 1418 2558 sudorum,
1435 2491 1512 2547 uuila
1527 2493 1638 2562 practmo
1658 2502 1843 2563 cctrsuurente
1855 2508 1916 2547 con-

280 2602 342 2656 cat,
356 2590 485 2663 quidquid
508 2589 662 2654 blanditum
677 2587 785 2651 vincat,
800 2581 929 2655 quidquid
942 2580 1069 2642 minatur.
1127 2579 1215 2640 ilicttts
1228 2585 1405 2640 certaminum
1420 2584 1427 2637 l
1441 2584 1551 2639 Certum
1570 2584 1671 2653 aurigae
1683 2583 1774 2655 aliquo
1787 2586 1914 2654 punio,
2023 2624 2024 2637 .

282 2684 409 2756 totupns
423 2684 496 2744 enim
507 2680 575 2739 laisa
588 2690 629 2737 est
640 2721 648 2746 ,
661 2693 739 2751 prena
758 2675 920 2743 transitoria.
936 2672 965 2732 Si
978 2673 1017 2741 ris
1033 2672 1073 2727 in·
1127 2674 1232 2745 litigant
1245 2690 1294 2747 pro
1306 2674 1407 2745 aurigis
1418 2676 1507 2746 populi
1520 2674 1609 2746 abnuo
1623 2676 1793 2748 puniam)
1805 2675 1860 2732 sau
1872 2675 1917 2731 aa.
2023 2690 2024 2737 y

280 2786 353 2835 trare
367 2791 414 2847 per
431 2783 569 2847 angrrstam
580 2780 696 2845 portam.
712 2767 808 2826 claude
820 2773 912 2837 portas
920 2762 1074 2835 cupiditatis
1127 2766 1207 2823 luctet
1224 2767 1336 2838 auriga,
1352 2767 1469 2824 delectat
1490 2778 1621 2835 terame,
1641 2768 1760 2824 delectm
1783 2768 1914 2825 toeaieus.

280 2876 308 2923 et
319 2868 432 2923 timoris.
441 2867 489 2921 llis
499 2866 571 2921 enirn
584 2873 666 2920 tentat
678 2862 722 2917 ille
733 2856 891 2920 terttatorad
901 2854 1073 2916 evertendam
1128 2858 1201 2916 ltane
1216 2859 1358 2917 honestum
1372 2860 1489 2919 delectat
1508 2860 1664 2931 turpitudo?
1677 2861 1749 2921 tluta
1765 2860 1847 2917 etiem
1869 2876 1916 2917 ea-

282 2960 410 3013 animam.
421 2956 505 3012 tarrua
519 2953 671 3026 cupiditatis
686 2950 868 3023 promittendo
880 2959 981 3020 tentat3
993 2949 1075 3021 ianua
1127 2951 1265 3023 piditatem
1279 2950 1503 3022 spectaculorum.
1517 2951 1631 3009 Erbibet
1641 2952 1762 3021 Ecclesia
1771 2954 1856 3009 menti
1866 2962 1916 3009 tate

283 3051 389 3107 timoris
400 3049 528 3106 minando
542 3057 638 3104 terrtat.
662 3046 729 3115 list,
751 3045 822 3117 quod
844 3044 957 3121 cupias,
970 3052 1000 3100 ιιι
1023 3044 1075 3100 ista
1128 3044 1328 3102 honorabiliora
1343 3054 1370 3103 et
1382 3044 1534 3103 ueneranda
1544 3046 1704 3115 spectacula.
1719 3045 1798 3101 blodo
1810 3044 1917 3117 tegete

283 3161 336 3218 non
351 3144 453 3213 cupias.
470 3142 537 3209 Est,
553 3140 624 3214 qrtod
649 3140 762 3208 timeas,
778 3146 807 3193 ut
829 3138 880 3193 ista
903 3152 957 3193 non
970 3136 1075 3196 timeas.
1129 3146 1171 3198 tur
1187 3140 1280 3200 Passio
1295 3140 1366 3198 beati
1381 3139 1516 3212 Cypriani.
1532 3140 1608 3196 bure
1620 3138 1815 3208 ardebam,
1829 3148 1917 3196 mette

282 3238 341 3295 Non
363 3238 502 3302 auferatur
522 3235 674 3305 cupiditas,
697 3233 744 3288 sed
768 3239 896 3288 mutetur.
915 3229 1007 3286 'limor
1021 3243 1075 3284 non
1128 3233 1327 3301 spectabamus,
1343 3240 1493 3290 certantum
1505 3231 1918 3303 ruebanmpntebunnquo·

282 3331 464 3401 extinguatur,
474 3328 520 3384 scd
534 3330 561 3384 in
571 3325 644 3382 aliud
656 3323 842 3380 transferatur.
853 3322 921 3390 Quill
931 3319 1076 3392 cupiebas?
1129 3324 1189 3380 uam
1205 3326 1285 3384 modo
1300 3325 1479 3394 timebamus,
1493 3325 1540 3382 sed
1553 3325 1599 3383 bei
1613 3326 1778 3398 nutritoriu-
1791 3325 1918 3396 speraba-

283 3419 354 3490 Quid
379 3421 478 3477 mundo
502 3418 649 3474 blandienti
673 3416 814 3472 cedebasl
834 3414 905 3484 Quid
927 3413 1077 3484 cupiebas?
1129 3433 1199 3480 natu.
1222 3418 1342 3490 Denique
1362 3417 1440 3476 vultis
1463 3435 1545 3482 nosse
1563 3419 1717 3492 cito,tyuid
1731 3420 1919 3476 iatemtintet
2024 3479 2025 3488 ,

284 3513 455 3582 Voluptatem
469 3510 577 3577 carnis,
593 3505 837 3577 concupiscentiam
853 3505 1004 3573 oertlorum,
1020 3521 1079 3570 aut·
1129 3512 1285 3582 spectacula
1296 3521 1386 3569 austra
1397 3518 1424 3570 et
1434 3511 1652 3578 tbeatr'rcatltru,
1665 3521 1796 3583 quantum
1807 3512 1919 3568 maobis
2024 3503 2025 3548 1

285 3603 414 3662 bitionem
428 3603 529 3659 sectili.
544 3601 652 3667 Nescio,
666 3603 725 3670 quis
740 3599 853 3657 istorum
867 3598 947 3652 trium
960 3599 1077 3668 capituttt
1129 3604 1201 3672 viget
1212 3617 1276 3657 sana
1290 3618 1376 3670 mens,
1390 3603 1532 3676 Martyres,
1544 3619 1612 3674 quos
1624 3613 1787 3675 spectamus,
1799 3603 1920 3675 capimus
2024 3595 2025 3600 ’

286 3702 329 3753 est
339 3697 428 3752 carnis
438 3694 567 3752 internus.
582 3693 636 3750 Sed
650 3691 711 3749 audi
722 3691 871 3764 apostolum
883 3690 1024 3758 loarmctn,
1034 3689 1079 3761 qni
1130 3693 1313 3762 imitarillos,
1324 3698 1557 3765 ituyttam‚sanctns
1565 3697 1919 3768 ttartyres,uuoscertaates

288 3802 371 3860 super
383 3799 478 3860 pectus
500 3787 606 3842 Domini
626 3785 829 3854 discumbebat,
845 3795 870 3838 et
887 3784 938 3838 boc
950 3784 977 3838 in
992 3784 1080 3838 [itan-
1132 3798 1303 3856 speetnmus,
1319 3790 1441 3857 cupimus
1457 3789 1567 3846 imitari.
1585 3789 1703 3846 lloneste
1724 3797 1859 3860 spectator
1872 3787 1920 3842 liu

289 3883 360 3956 pelio
373 3881 531 3948 eructabat,
548 3877 621 3951 quod
645 3879 671 3932 in
694 3879 816 3934 convivio
839 3875 941 3934 Christi
961 3875 1078 3942 bibebat,
1132 3878 1243 3934 theatris
1257 3895 1318 3934 curn
1332 3891 1448 3949 spectas,
1466 3881 1577 3945 insanis,
1594 3880 1715 3936 alaudes
1728 3879 1829 3935 imitari
1842 3893 1921 3948 ortem

289 3975 351 4030 audi
366 3989 427 4028 eum
441 3972 573 4026 dicentem
588 3989 595 4025 ι
611 3968 701 4024 Nolite
717 3970 822 4038 diliyere
838 3970 979 4032 mundum,
1001 3981 1080 4034 neque
1131 3969 1229 4040 diligis.
1247 3972 1314 4026 Ecce
1329 3986 1379 4040 ego
1392 3979 1484 4041 specto
1494 3972 1665 4044 cyprianum,
1677 3971 1922 4045 amoCyprianum·

289 4081 330 4129 ee,
343 4079 401 4135 quc
410 4072 469 4117 sunt
483 4063 509 4116 in
526 4061 631 4116 munde.
649 4061 679 4114 Si
691 4061 747 4132 quis
758 4060 872 4114 dilexerit
883 4059 1017 4122 nrunrlunt,
1029 4073 1081 4112 non
1132 4063 1159 4117 Si
1176 4064 1310 4128 irasceris,
1328 4064 1443 4122 rtralctlic
1458 4064 1533 4130 mibi,
1549 4075 1576 4122 et
1589 4065 1633 4120 dic
1646 4065 1732 4122 :Telis
1745 4065 1804 4120 sisi
1819 4071 1921 4134 spoeto,

290 4163 328 4213 est
345 4156 457 4210 eboritm
477 4152 565 4208 Putria
586 4152 613 4206 in
634 4152 695 4219 iilo,
718 4151 835 4223 quoniam
855 4151 956 4217 orinia,
979 4166 1036 4220 prate
1054 4149 1081 4204 itt
1133 4153 1263 4222 delector,
1280 4165 1408 4226 uttantnm
1423 4157 1513 4224 talen,
1530 4157 1637 4212 lacertis
1651 4157 1749 4212 mentis
1763 4155 1921 4226 amplector.

289 4247 385 4302 meedv
394 4255 464 4312 tm,
474 4244 678 4316 centuplum
691 4244 774 4298 “truie
784 4253 830 4308 ιιι,
842 4253 864 4296 et
879 4243 1082 4311 corrmpircearia
1132 4246 1218 4302 Video
1231 4257 1402 4316 certatorem,
1419 4249 1499 4306 attdio
1512 4250 1650 4306 uictorem.
1666 4249 1796 4312 irascere,
1814 4259 1842 4304 ut
1855 4247 1921 4306 dixi.

289 4343 431 4408 mulorum,
446 4349 470 4394 ct
483 4339 588 4394 ambitio
600 4335 688 4394 seculi
704 4337 728 4408 (l
743 4335 823 4391 loon.
836 4351 866 4403 n,
883 4337 923 4399 ib',
942 4335 996 4406 16).
1012 4335 1082 4391 Diei·
1132 4347 1159 4396 et
1174 4337 1217 4395 dic
1233 4338 1297 4394 milti
1310 4357 1316 4390 :
1328 4340 1401 4398 Tulle
1412 4341 1466 4396 sisl
1482 4339 1558 4406 Vide,
1571 4342 1591 4395 si
1604 4355 1659 4402 nun
1670 4341 1837 4410 amplector;
1852 4341 1921 4408 tide,

291 4442 333 4489 tur
347 4448 413 4505 ergo
429 4431 544 4488 mundus
568 4432 619 4486 boe
639 4431 737 4486 ccclum
760 4439 788 4484 et
809 4438 890 4483 terra.
915 4427 973 4482 Non
994 4430 1081 4498 ipsum
1133 4430 1155 4484 si
1171 4443 1224 4484 non
1240 4439 1326 4502 opto;
1342 4430 1419 4496 tide,
1436 4433 1457 4488 si
1475 4445 1527 4498 nun
1541 4432 1639 4500 cupio;
1655 4431 1726 4494 ride,
1741 4432 1764 4486 si
1779 4446 1833 4486 nun
1854 4431 1923 4486 indi-

291 4525 420 4580 mundnm
432 4525 577 4594 vituperat,
589 4522 633 4592 tyni
643 4521 706 4576 dicit
716 4540 722 4577 :
734 4521 822 4576 Nolite
832 4523 936 4592 ditique
946 4523 1080 4577 nrrrnrtmn.
1132 4535 1215 4592 gnum
1229 4535 1271 4576 me
1286 4536 1393 4592 possum
1407 4521 1516 4588 dicere;
1531 4523 1653 4594 reingere
1678 4533 1767 4578 tamen
1787 4525 1925 4592 avertique

291 4616 343 4684 Qui
357 4618 427 4672 enim
441 4617 522 4672 istum
535 4615 677 4684 vituperat,
688 4615 816 4669 artilicem
832 4615 923 4669 rnnndi
937 4615 1081 4682 vituperat.
1134 4629 1187 4668 non
1204 4628 1323 4684 possum.
1339 4610 1435 4684 Specta
1451 4624 1479 4668 tu
1492 4655 1499 4681 ,
1514 4613 1650 4670 delectare
1671 4623 1716 4680 ttt,
1733 4629 1792 4671 ama
1812 4623 1851 4672 tu.
1868 4613 1925 4670 lloli

291 4707 390 4764 ludim
402 4707 531 4763 anundum
543 4706 586 4763 bis
599 4721 654 4761 rtno
664 4707 898 4762 loconuminatum
910 4707 1083 4763 subdirersis
1134 4705 1213 4761 irasci
1227 4745 1235 4774 ,
1249 4706 1271 4762 si
1289 4704 1385 4762 dixero
1399 4723 1405 4758 :
1421 4705 1494 4762 'salis
1516 4707 1575 4760 sisi
1591 4705 1643 4762 Sed
1664 4721 1754 4776 paren,
1777 4722 1832 4762 non
1852 4706 1925 4762 dicu.

292 4799 544 4872 significationibus.
560 4797 844 4854 beltonrinocltristo
858 4796 958 4852 dictum
973 4798 1083 4854 estzln
1134 4799 1257 4872 Agnosce
1279 4799 1405 4861 amicum.
1429 4798 1588 4868 Spectacula
1613 4808 1685 4854 muta
1708 4815 1827 4856 mecum.
1846 4799 1928 4856 Tales

292 4896 341 4950 trae
350 4892 447 4948 mando
457 4902 523 4960 erat,
532 4893 674 4950 armantur
686 4909 732 4964 per
742 4909 801 4948 mar
816 4895 898 4965 factus
910 4903 957 4957 est,
971 4900 995 4947 et
1006 4908 1083 4947 mun·
1133 4905 1271 4957 ememus,
1286 4905 1353 4962 quus
1367 4890 1485 4960 imitari,
1497 4901 1626 4961 quantum
1639 4893 1776 4962 ualemus,
1789 4903 1925 4964 optemus.

292 4985 342 5040 dur
361 5001 419 5039 eum
439 5000 492 5040 non
514 4985 640 5056 rapuerit.
667 4982 784 5041 liutadus
805 4999 850 5054 per
865 4999 922 5038 eunt
945 4985 1028 5057 {aeus
1047 4994 1083 5040 est
1133 4981 1187 5038 Sed
1210 4979 1317 5039 inlamis
1330 4989 1371 5038 est
1385 4981 1447 5049 ille,
1461 4983 1505 5052 qui
1521 4991 1675 5052 spectatur3
1688 4986 1733 5056 qut
1745 4993 1863 5054 spectet,
1880 4984 1928 5040 bo·

291 5078 382 5154 (lum.
396 5095 425 5150 r,
440 5077 496 5152 lb).
513 5078 643 5136 auritium
659 5087 775 5145 nostrum
793 5077 821 5132 in
840 5077 941 5137 nouine
963 5076 1080 5148 bomiri,
1133 5083 1225 5138 nestas
1243 5080 1294 5132 est.
1311 5072 1405 5134 Cesset
1419 5072 1551 5142 cupiditas
1572 5077 1719 5146 emptoris,
1738 5085 1768 5132 et
1786 5078 1861 5136 nulla
1877 5079 1929 5138 crit

290 5171 335 5243 qui
352 5170 413 5243 [ecit
433 5171 524 5228 ocium
546 5180 571 5226 et
589 5179 681 5238 terram
696 5167 784 5241 (Psal.
797 5185 880 5237 cuttu
892 5211 899 5235 ,
913 5169 953 5238 ill.
969 5168 1083 5229 barrum
1133 5163 1271 5237 turpitudo
1293 5164 1406 5234 renatis,
1436 5163 1573 5229 iniamiam
1598 5168 1745 5238 spectando
1769 5169 1929 5231 confirmas.

291 5281 336 5335 prr
347 5281 404 5319 eam
418 5267 502 5336 fuctus
512 5270 558 5318 est.
573 5260 665 5317 broad
679 5262 882 5345 mulctlmeorin
895 5273 1002 5334 montes,
1016 5264 1083 5334 uude
1133 5257 1201 5330 Quid
1211 5275 1350 5330 provocas,
1360 5257 1430 5332 quod
1443 5258 1676 5328 aecusasilliror,
1688 5263 1710 5318 si
1722 5265 1805 5321 amati
1820 5264 1860 5329 tui
1875 5281 1931 5322 nott

287 5359 371 5412 seruet
384 5357 509 5413 ιιιιωίιίιιιιι
521 5355 583 5411 nribi
593 5354 649 5429 (td.
661 5372 725 5421 cxx,
737 5357 763 5422 t,
776 5356 816 5428 ι).
831 5357 964 5414 desiliunt
973 5375 1082 5428 rucuma
1133 5358 1159 5405 te
1172 5351 1290 5426 aspergit
1304 5350 1421 5408 infamia.
1431 5347 1486 5406 Sed
1498 5364 1551 5406 non
1565 5359 1591 5406 te
1604 5363 1739 5424 aspergat,
1755 5355 1931 5424 immaculata

291 5447 414 5518 domino,
426 5447 471 5522 qui
484 5449 542 5522 [ecit
552 5448 644 5504 ectum
652 5459 677 5504 et
690 5460 793 5517 terram.
806 5449 858 5514 iste
872 5450 988 5508 mundus
1000 5465 1015 5506 a
1027 5451 1084 5522 Qec
1133 5456 1240 5502 maneat
1253 5445 1392 5512 honestas,
1404 5445 1427 5502 si
1438 5456 1537 5518 potest,
1549 5449 1695 5518 speetatrix
1707 5447 1861 5516 libidinum,
1872 5463 1932 5506 eut-

290 5539 377 5599 iactus
398 5552 441 5600 est
456 5559 463 5596 ε
480 5541 515 5598 Ει
533 5543 644 5601 mandas
664 5560 720 5598 earn
742 5561 793 5598 aon
815 5545 940 5617 ceynouit.
966 5545 1083 5614 bilcctuy
1134 5539 1204 5611 ptrir
1220 5539 1336 5612 turpium
1356 5537 1532 5610 voluptatum.
1549 5539 1643 5596 Audeo
1663 5542 1806 5612 probibere
1821 5555 1932 5611 speeta-

290 5633 402 5702 muodi,
422 5643 527 5690 amator
547 5636 652 5706 operis,
672 5644 841 5704 contemptor
860 5636 988 5711 artificis,
1006 5651 1083 5706 annor
1133 5632 1319 5690 culaidudeo
1332 5630 1603 5704 prohibueramus
1616 5634 1705 5706 plane.
1721 5635 1932 5695 battaibisrdu-

294 5734 357 5782 ⁸¹¹¹¹⁸
368 5727 477 5799 “nm‘'
489 5727 594 5812 Rumpe.
605 5727 682 5786 '⁰⁰²⁸
695 5744 712 5784 ²
724 5734 859 5836 ⁰¹:⁰²²&
872 5728 952 5799 ’ΠΨ
963 5729 1000 5836 ⁸⁶,
1008 5745 1084 5788 ⁰¹⁰²*
1165 5773 1202 5836 (a)
1217 5771 1257 5824 De
1269 5769 1385 5834 ammorii
1396 5768 1592 5820 contentionibus
1611 5769 1679 5820 naria
1693 5771 1718 5820 in
1733 5767 1853 5824 lanitiis
1874 5771 1935 5838 lipi-

295 5825 395 5875 m.
411 5816 482 5874 Ιιιιι
493 5833 614 5876 amorem
624 5861 632 5889 ,
644 5827 718 5877 muta
732 5829 867 5878 umorem.
881 5821 939 5880 lion
956 5837 1028 5880 emm
1045 5825 1082 5882 ln·
1133 5849 1211 5904 gram
1225 5840 1252 5888 er
1263 5833 1461 5900 ascriptoribus
1470 5829 1533 5884 ibit.
1546 5831 1611 5896 ιιι.
